3034 5509
374 630 451 723 „a”
577 615 721 696 Nora·
751 617 813 714 Jo.
841 616 1157 692 Baensrnacrt

385 803 495 862 diorem
512 797 552 871 ac}
565 794 728 854 strietiorem
744 791 883 852 reddunt:
904 790 1120 851 fundamentum
1138 808 1210 851 vero
1232 789 1310 861 juris
1334 794 1384 852 int«

390 875 521 956 ponendi
543 872 683 943 eiusmodi
704 869 895 929 necellitatem
921 870 1060 927 moralem
1085 867 1198 926 aliunde
1217 869 1385 942 petendum

393 953 443 1012 eli.
482 953 526 1010 lld
548 950 605 1006 boo
625 960 737 1015 autem,
758 943 966 1017 meoiudicio,
992 946 1113 1004 redeunt
1136 944 1244 1024 reliqua
1271 949 1388 1006 omnia:

392 1046 497 1101 nempe
524 1023 559 1082 ad
581 1022 800 1100 dependendam
825 1021 997 1090 naturalem,
1026 1037 1083 1094 qua
1104 1019 1227 1078 universi
1250 1020 1390 1081 homines

394 1105 517 1179 irnperio
531 1101 664 1161 Numinis
678 1098 808 1167 subsunt,
826 1095 955 1172 eoquod
970 1100 1005 1155 ab
1021 1096 1080 1171 ipso
1093 1091 1274 1171 existentiam,
1286 1099 1389 1167 uitam,

395 1181 434 1255 δ’
449 1192 544 1240 motum
559 1179 690 1234 babeant.
730 1174 838 1248 Opisex
853 1174 974 1249 quippe,
994 1189 1050 1247 qua
1070 1173 1149 1242 talis,
1170 1176 1270 1247 operis
1292 1174 1334 1233 sui
1350 1195 1393 1234 ar·

395 1264 471 1320 biter
489 1255 545 1325 est,
564 1269 598 1310 oc
618 1269 671 1328 pru
687 1250 779 1309 lubitu
801 1251 836 1306 de
857 1268 893 1309 eo
917 1247 1009 1320 potest
1029 1247 1195 1320 disponere;
1216 1250 1330 1309 etiamsi
1353 1250 1392 1309 nil

398 1335 448 1412 ipfi
464 1343 565 1408 prater
581 1328 700 1387 sormam
715 1324 868 1388 induxerit,
905 1325 992 1405 Quod
1007 1324 1026 1381 sr
1044 1324 1190 1383 statuarius
1204 1326 1326 1399 propria
1339 1330 1397 1386 vir·

398 1426 461 1471 tute
481 1407 623 1468 conficere
646 1401 746 1461 statuas
768 1403 904 1460 animatas
926 1399 1049 1464 valeret.
1072 1399 1192 1475 ipfisque
1209 1401 1297 1459 inditi
1313 1403 1397 1464 intel·

397 1487 486 1548 letius
501 1498 585 1542 verus
600 1481 699 1539 audior
715 1481 809 1538 soret:
828 1479 884 1537 hoc
900 1477 961 1552 ipso
975 1477 1018 1547 jus
1032 1477 1257 1552 consequeretur
1271 1481 1398 1542 causam·

400 1583 458 1640 que
482 1561 671 1619 abundantem
694 1555 846 1629 exigendi,
867 1555 1033 1614 fabricatum
1054 1556 1183 1612 manibus
1207 1555 1281 1625 suit,
1316 1559 1398 1617 dota·

400 1653 519 1712 tumque
539 1655 554 1693 a
577 1634 602 1690 se
618 1632 796 1708 intelligendi
815 1631 947 1689 facultate
970 1646 1092 1687 marmor
1116 1647 1273 1702 aurumve,
1296 1633 1400 1694 suase

401 1713 545 1777 voluntati
561 1710 704 1782 subjicere.
742 1711 823 1768 idern
839 1708 909 1778 iuris
923 1707 950 1765 dt
965 1707 1100 1765 Parentes
1113 1709 1142 1766 in
1158 1708 1269 1766 liberos
1285 1712 1400 1771 obtine·
1440 1710 1441 1715 ’

403 1805 488 1856 rent3
508 1788 643 1862 squidem
667 1785 696 1843 in
711 1783 882 1858 generandis
905 1784 960 1840 illis
983 1781 1052 1857 quid
1074 1793 1173 1855 praetet
1192 1800 1275 1844 coeca
1300 1786 1399 1846 inlitu·

402 1879 516 1932 menta,
539 1863 565 1923 ἃ
587 1861 701 1930 causas,
726 1876 757 1918 ut
784 1863 821 1917 ita
842 1862 959 1933 loquar,
980 1857 1171 1917 occasionales
1195 1860 1314 1928 sorent;
1341 1879 1401 1936 quo

404 1942 570 2006 deficiente,
592 1953 823 2011 eorumquoque
843 1937 991 1994 antioritas
1011 1951 1045 1992 er
1060 1934 1119 1992 alio
1137 1937 1218 1995 fonte
1242 1938 1402 2005 derivatur.

405 2020 444 2080 At
462 2017 541 2075 Deus
559 2029 621 2070 cum
643 2014 781 2081 materia,
803 2025 861 2070 turn
883 2013 981 2087 forma
1003 2012 1141 2084 partium,
1161 2014 1268 2087 quibus
1293 2017 1400 2077 consia-

405 2109 486 2163 mus,
505 2092 602 2148 auitor
619 2089 646 2146 ln
662 2087 781 2147 solidum
796 2088 850 2146 est:
871 2104 995 2162 corpora
1008 2088 1104 2147 nostra
1117 2106 1150 2148 ac
1171 2093 1283 2152 animas
1303 2093 1400 2152 condi·

409 2170 465 2240 dit,
488 2181 662 2242 omnesque,
683 2166 786 2238 quibus
800 2164 923 2239 praetlitae
938 2165 1017 2235 sunt,
1037 2164 1183 2225 facultates
1199 2168 1267 2241 ipsis
1285 2168 1401 2245 largitus

396 2247 461 2313 eii.
501 2241 597 2304 Potest
616 2242 709 2317 itaque
726 2241 782 2299 iliis
805 2241 1003 2313 facultatibus,
1022 2259 1095 2316 quos
1108 2243 1188 2314 vult,
1207 2243 1317 2315 limites
1338 2263 1402 2320 prae·

410 2323 545 2384 scribere.
566 2332 651 2392 atque
664 2315 823 2399 postulare,
838 2331 868 2377 ut
883 2317 982 2376 iisdem
997 2319 1128 2377 homines
1143 2335 1202 2377 non
1218 2321 1274 2380 nili
1287 2322 1345 2379 boc
1356 2321 1402 2382 vel

308 2458 311 2463 ,
408 2403 462 2460 illo
477 2396 566 2457 modo
580 2407 700 2454 utantur.
735 2396 826 2454 Porto
841 2412 904 2454 curn
919 2395 968 2468 qui
981 2395 1026 2465 ius
1042 2396 1128 2455 habet
1140 2394 1211 2454 mini
1226 2397 1405 2472 imperandi,

412 2494 451 2536 eo
466 2474 526 2550 ipso
539 2476 751 2532 communicare
765 2488 829 2531 curn
849 2470 942 2529 altero
954 2471 1028 2531 hanc
1043 2472 1212 2546 potestatem
1234 2476 1350 2535 valeat:
1368 2473 1403 2533 sse

412 2553 496 2615 Deus
513 2551 597 2608 certis
620 2548 785 2606 hominibus
806 2560 853 2606 aut
874 2545 977 2606 directe
996 2566 1030 2609 ae
1052 2549 1214 2608 immediate
1235 2550 1314 2608 hanc
1332 2550 1405 2611 suam

414 2629 608 2688 austeritatem
633 2626 810 2694 impertitur;
838 2639 869 2686 ut
890 2642 953 2683 curn
975 2625 1157 2698 Magistratus
1177 2624 1255 2685 inter
1278 2625 1404 2708 Jews,

416 2703 579 2765 srrbsrllenre
595 2698 770 2773 Tbeocratia,
791 2699 846 2775 ipse
862 2701 931 2772 olim
952 2701 1160 2766 constituebam
1174 2715 1222 2762 aut
1235 2705 1363 2765 mediate
1374 2720 1407 2763 ac

417 2779 569 2848 indirciie3
595 2781 624 2835 vi
641 2794 743 2848 nempe
759 2779 834 2849 elus,
864 2776 943 2853 quod
962 2778 1037 2836 velle
1059 2776 1086 2836 se
1110 2777 1225 2847 testatos
1243 2781 1301 2850 est,
1335 2797 1403 2854 quo·

417 2873 531 2930 cunque
553 2857 666 2912 demum
686 2853 784 2913 rnodo.
825 2856 868 2911 ito
888 2855 986 2928 aliquo
1013 2854 1148 2914 naturalis
1173 2855 1245 2930 legis
1263 2872 1408 2931 precepto

418 2933 511 2992 omnis
527 2931 600 2988 inter
617 2929 748 2987 homines
765 2929 888 3001 legitima
899 2932 1049 2991 auctoritas
1071 2935 1123 2990 niti
1145 2931 1237 3001 solet,
1256 2932 1285 2991 dt
1300 2932 1406 3008 preser-

419 3011 469 3066 tim
490 3007 549 3082 ipsn
563 3021 662 3063 eorum
681 3005 836 3075 consensu,
855 3006 905 3078 qui
920 3005 1012 3066 eidem
1027 3008 1161 3066 subsunt:
1180 3008 1231 3082 qui
1250 3025 1325 3067 vero
1339 3026 1406 3068 con·

418 3083 513 3142 sensus
529 3096 643 3140 omnem
667 3080 741 3138 suana
761 3082 820 3140 rim
842 3083 909 3140 inde
928 3083 1055 3151 obtinet,
1076 3084 1153 3160 qnod
1168 3084 1241 3143 velit
1263 3087 1345 3147 Deus
1359 3085 1408 3145 ler-

419 3161 497 3227 vari,
518 3174 580 3235 quae
595 3160 672 3232 padia
687 3155 766 3226 sunt,
785 3157 917 3233 adeoque
929 3158 963 3216 iit
975 3159 1107 3230 obediri,
1127 3161 1231 3235 quibus
1246 3163 1410 3237 promissum

423 3238 483 3310 est,
509 3247 645 3311 quantuni
670 3234 794 3308 quidem
805 3235 873 3292 citra
896 3235 1082 3308 violationem
1104 3237 1198 3313 legum
1219 3255 1236 3295 a
1266 3239 1412 3301 communi

423 3313 554 3376 Domino
579 3311 697 3370 latarum
721 3307 783 3368 lieri
806 3309 908 3383 potest.
947 3313 991 3372 En
1014 3313 1177 3387 primarium
1198 3317 1412 3394 maximumque

424 3392 519 3452 omnis
535 3386 623 3448 officii
648 3398 735 3462 atque
762 3385 946 3463 obligationis
968 3388 1194 3450 tundamentum.
1233 3391 1308 3451 lnde
1329 3396 1413 3455 etiarn

425 3468 497 3528 nihil
515 3463 693 3541 frequentius
706 3464 864 3524 ualidiusre
880 3463 1001 3524 inculcat
1015 3466 1187 3538 Revelatio‚
1207 3484 1296 3542 quam
1311 3468 1414 3545 dogma

426 3543 578 3604 creationis
595 3541 693 3601 mundi
708 3544 735 3601 in
753 3539 929 3610 universum,
949 3559 983 3601 ac
998 3540 1152 3616 specialiter
1165 3543 1332 3606 bominum.
1350 3547 1415 3607 Hoc

426 3635 545 3696 quoque
570 3617 739 3692 principium
763 3616 812 3690 ipsr
830 3617 974 3688 Gentiles,¹⁴
993 3620 1123 3694 quamvis
1142 3618 1218 3678 baud
1240 3622 1281 3678 ita
1304 3620 1419 3699 liquido

425 3705 622 3772 agnoverunt,
655 3694 778 3767 talisque
797 3706 1010 3767 preceperunt,
1040 3713 1104 3773 quae
1133 3693 1170 3754 ad
1197 3698 1418 3773 percipiendum

424 3771 537 3833 honesti
552 3768 579 3826 dt
593 3768 681 3829 officii
696 3787 761 3828 curn
774 3767 923 3828 voluntate
937 3772 1058 3845 supremi
1074 3773 1304 3843 tntis,arttorrs
1318 3774 1420 3836 nostra

427 3846 597 3916 exilientiae,
618 3861 722 3907 nerum
742 3844 815 3905 retia
835 3845 1039 3920 deducebant3
1054 3861 1158 3926 prout,
1177 3849 1305 3912 fisetret
1322 3853 1421 3931 locut,

427 3928 458 3985 in
470 3922 593 4002 proclivi
608 3921 676 3984 elset
693 3919 940 3996 illudostendere.

856 4078 883 4156 t
921 4079 992 4142 vr.

441 4230 579 4323 §Pollice
591 4229 657 4311 sunt
668 4228 820 4311 constituti]
838 4231 1015 4309 Legislatori
1027 4237 1072 4309 jor
1091 4236 1230 4314 competit
1249 4254 1312 4301 non
1332 4196 1426 4304 tolum

437 4311 630 4386 urterprrtorrrli
643 4328 675 4373 ac
689 4311 852 4374 declarandi
864 4310 960 4389 legesl:
980 4328 1081 4387 verum
1093 4316 1194 4391 etium,
1216 4316 1267 4387 ubl
1277 4317 1379 4385 sensus
1393 4319 1430 4379 le·

1387 4396 1429 4473 bil
