3034 5509
315 651 369 710 tn
399 628 500 708 Sunt.
534 633 827 708 Pvuuuoour·
855 634 949 715 Lm.
977 628 1006 705 1.
1082 657 1158 730 941

166 806 323 866 stiterimus:
350 824 409 883 quo
435 806 551 882 quidem
574 804 716 878 obligatur
742 808 834 867 homo
855 821 914 866 non
939 807 1027 867 solum
1049 811 1077 869 se
1098 825 1168 874 cond

165 884 292 951 servare,
311 896 448 958 quantum
466 888 536 941 citra
552 884 741 941 violationem
760 883 856 957 legum
877 884 1015 960 religionis
1035 903 1068 946 ac
1079 887 1167 967 socia·

164 963 252 1018 litatis
273 959 389 1034 potesl;
413 959 459 1016 sed
481 962 566 1018 etiam
592 961 629 1017 ita
654 957 681 1014 se
706 975 761 1032 pro
783 962 891 1019 viribus
912 977 1111 1035 componere,
1134 979 1167 1026 ut

167 1053 299 1106 omnem,
321 1037 399 1106 cujus
420 1051 509 1108 capax
531 1036 581 1107 fit,
601 1033 766 1093 felicitatem
788 1037 925 1111 consequi
946 1038 1049 1100 valent
1090 1041 1167 1105 Vide

167 1114 204 1170 ad
218 1114 244 1188 J.
259 1114 300 1172 N.
319 1112 345 1170 dt
362 1113 399 1171 G.
414 1113 461 1174 lib.
477 1109 514 1171 ΙΙ.
534 1124 591 1186 cap.
605 1125 632 1182 3.
647 1110 673 1185 l·
692 1126 737 1182 15.
759 1123 813 1172 not.
831 1128 858 1184 5.

582 1265 609 1338 t.
650 1212 740 1323 iri.

204 1414 360 1476 Adionllus
374 1412 410 1488 &⁹
422 1419 557 1478 tuentibus
569 1418 689 1477 humanis
707 1414 959 1498 lrtdsspensabilem.]
978 1421 1079 1481 Omnis
1102 1425 1166 1500 opi·

165 1494 217 1551 nio
238 1496 360 1553 libertati
377 1496 502 1554 nominis
516 1494 652 1564 adversa,
666 1493 801 1554 aoertnae
820 1497 955 1569 moralis,
974 1499 1109 1558 naturalia
1121 1504 1167 1574 ju·

167 1571 223 1634 ris,
246 1587 277 1626 ac
295 1569 376 1642 ipsius
394 1571 542 1645 religionis
560 1569 702 1644 flagellum
724 1569 764 1628 est
782 1588 815 1629 ac
828 1571 952 1647 spongia.
991 1574 1023 1633 Si
1043 1590 1094 1646 per
1112 1576 1166 1636 im·

165 1645 295 1717 pollrbile
319 1647 435 1718 quidem
456 1647 614 1723 supponere
642 1646 756 1704 daretur
772 1689 781 1714 ,
800 1664 901 1706 omnes
921 1651 1045 1708 actiones
1065 1649 1166 1710 hume·

165 1737 216 1777 nas
233 1721 396 1782 necessarias
417 1723 497 1783 elie:
517 1723 677 1797 mysterium
699 1734 794 1782 tamen
815 1724 873 1782 hoc
892 1724 987 1796 foret,
1011 1725 1163 1787 hominum

165 1798 274 1854 notitia
289 1798 524 1865 subtrahendum
546 1799 677 1874 ipsosque
694 1796 720 1854 se
737 1801 764 1859 in
785 1801 897 1872 agendo
911 1800 1017 1861 liberos
1033 1801 1162 1872 credere,

163 1872 335 1945 pnrsemper
351 1875 514 1933 elietzalias
530 1878 604 1934 enim
620 1875 682 1950 ipso
700 1876 835 1934 naturalis
851 1876 904 1934 sum
919 1876 1025 1936 indolis
1042 1878 1165 1954 impulsu

137 1968 140 1972 ’
165 1951 193 2006 in
216 1947 346 2019 desidiam
369 1950 612 2020 prolaberentur,
635 1952 718 2025 seque
744 1950 931 2010 ineluetabilis
954 1953 1097 2024 ejusmodi
1112 1970 1163 2013 ue·

166 2022 296 2085 cellitatis
318 2029 416 2085 tractui
430 2043 541 2100 pronos
562 2027 787 2086 committerent.
826 2026 874 2086 Sic
894 2027 1003 2088 constat
1025 2046 1162 2106 quoque,

165 2117 241 2169 eos,
270 2104 319 2178 qui
347 2102 505 2183 libertatem
533 2103 698 2163 subvertere
716 2101 833 2177 adgressa
855 2102 934 2174 sunt,
955 2104 1084 2174 ejusdem
1104 2107 1165 2166 sen·

163 2176 246 2249 sum,
275 2190 339 2237 utut
371 2180 422 2238 suo
444 2179 552 2250 jndicio
579 2179 729 2245 fallacem,
749 2194 856 2252 negare
876 2181 953 2240 haud
967 2182 1097 2253 potuisse.

202 2249 261 2336 ‚Quo
278 2253 338 2331 ipfis
364 2257 434 2313 lucri
451 2258 586 2327 operiatur
606 2253 725 2331 uetusto]
753 2254 817 2331 Qua
838 2256 977 2327 opinione
998 2243 1162 2330 ducuntul,

162 2333 212 2403 qui
225 2336 320 2394 Deum
335 2343 433 2396 orant,
457 2344 487 2387 ut
506 2332 611 2388 crebris
630 2332 726 2388 littora
744 2327 790 2384 sua
809 2329 962 2405 naufragiis
983 2330 1159 2408 locupleten-

163 2421 219 2465 tur.
259 2405 332 2465 Vide
347 2403 496 2484 Discursum
511 2423 592 2466 meum
609 2407 640 2465 de
656 2401 785 2481 Beneficio
798 2403 902 2482 Legum
915 2405 993 2466 Pott.
1010 2422 1036 2467 1.

597 2558 626 2634 t.
659 2558 729 2620 1v.

198 2711 243 2772 De
254 2713 408 2790 fima'lilus]
429 2713 589 2787 Praecipuue
609 2712 692 2786 hujus
720 2712 824 2787 regule
843 2710 906 2770 usus
929 2712 1041 2790 respicit
1056 2717 1172 2790 casus,·

161 2792 263 2862 quibus
289 2791 480 2853 exstimulatur
498 2792 561 2865 quis
577 2790 612 2848 ad
628 2786 811 2862 iudicandum
834 2788 999 2849 dillimiliter
1015 2792 1050 2850 de
1065 2796 1152 2852 caufis

161 2868 315 3005 {3113}ng
318 2881 411 3004 prout
425 2867 471 2931 sua
485 2882 659 2944 quocunque
673 2862 762 2926 modo
775 2866 907 2935 interest,
920 2881 968 2926 eas
980 2867 1067 2939 justas
1081 2871 1155 2942 elie,
1205 2980 1207 2985 ,

607 3047 752 3177 av(

198 3251 239 3312 Ut
253 3256 366 3312 omnium
384 3251 528 3330 maxima]
548 3251 593 3313 Ad
614 3253 672 3313 hoc
692 3252 781 3329 ipsum
801 3253 865 3328 quis
880 3265 1018 3324 tenetur,
1037 3272 1100 3314 non
1111 3256 1156 3316 so·

161 3332 220 3390 lum
236 3332 345 3404 proprii
357 3332 503 3391 commodi
518 3331 616 3389 causa:
634 3329 735 3404 (nam,
758 3342 789 3388 ut
806 3331 840 3386 ad
854 3332 1086 3389 benevolentiam
1102 3331 1151 3388 alii

158 3426 191 3466 ac
212 3407 341 3464 favorem
371 3424 436 3477 erga
454 3424 508 3464 nos
534 3417 772 3478 permoveantur,
794 3419 853 3462 non
876 3405 998 3471 sufficit,
1018 3423 1073 3463 nos
1094 3404 1153 3462 esse

159 3484 290 3557 probor:
311 3482 464 3552 requiritur
481 3494 630 3552 praeterea,
652 3491 685 3538 ut
700 3477 809 3538 nullum
823 3479 882 3548 ejus
905 3483 1009 3538 baereat
1031 3480 1086 3538 illis
1101 3482 1154 3539 du·

161 3557 263 3632 bium)
282 3557 429 3615 sedetiam
448 3557 514 3629 quia
535 3555 702 3626 opinionem
723 3555 794 3614 boni
813 3555 867 3612 viri
894 3554 1082 3630 negligendo,
1102 3573 1155 3615 oc·

159 3633 233 3693 casio
252 3634 391 3708 praebetur
417 3629 595 3704 suspicandi,
616 3632 700 3690 nobie
721 3629 805 3706 ipsam
834 3631 951 3705 quidem
979 3633 1167 3705 probitatem(

160 3727 222 3770 non
244 3711 317 3768 adeo
340 3725 413 3766 curae
437 3707 502 3767 elle.
540 3709 608 3768 Hoc
626 3707 715 3767 modo
731 3709 842 3767 interna
862 3707 926 3780 quis
945 3705 1092 3768 honestate
1109 3713 1164 3768 vi·-

91 3838 94 3841 ,
161 3788 244 3846 detor
263 3785 338 3862 quasi
352 3784 532 3851 erubescere3
553 3785 700 3861 aliosque,
714 3783 783 3845 dum
795 3784 832 3844 ad
848 3801 910 3845 eam
924 3783 975 3843 fibi
986 3801 1153 3861 comparatr-
1249 3855 1253 3864 ¹

159 3864 224 3925 dam
236 3866 366 3926 excitare
382 3860 517 3931 deberet,
537 3861 605 3920 inde
624 3862 769 3922 absterret.

562 4020 590 4095 p.
625 4014 652 4073 v
670 4015 685 4072 1
704 4015 719 4100 r
735 4015 762 4073 1.
1154 3981 1171 4084 ,¹

201 4172 259 4231 Aut
272 4185 397 4248 quotenus
413 4171 562 4248 penitentia
578 4170 607 4226 ob
622 4182 707 4245 prono
719 4165 845 4246 facinora
865 4171 1032 4243 exprimendo
1049 4177 1158 4252 requiri.

159 4249 230 4324 tun]
251 4250 286 4307 lit
300 4249 528 4313 heiccavendum
538 4249 573 4305 ab
589 4247 708 4306 excelsu.
733 4245 886 4320 Perperam
901 4245 1088 4310 debilioribus
1098 4253 1156 4311 ani·
1240 4298 1244 4306 .

159 4324 218 4392 etin
226 4323 333 4399 tristitie
344 4346 376 4392 ac
385 4327 471 4393 dolor
483 4341 537 4404 pro
545 4323 627 4404 ignis
635 4324 777 4393 habentur
792 4338 865 4389 reta
870 4320 1055 4416 penitentie.
1075 4327 1160 4471 (Ἢ
