3034 5509
295 649 351 704 nn
384 635 492 713 sarri.
527 634 823 706 Purnrinnnr.
859 631 962 709 Lra.
986 634 1016 708 Ι.
1087 644 1165 736 973

163 803 235 864 nlter
257 804 379 862 holiium
401 819 541 880 occupare
563 804 681 866 alterum
698 807 810 880 notin,
830 807 1007 885 hostilesque
1025 821 1095 873 tune
1113 811 1160 874 ed·

165 884 259 944 versus
279 880 368 958 ipsum
388 882 463 941 ailus
484 898 620 942 exercete
640 882 811 943 sustinuerit.

599 992 731 1109 usur.

203 1194 248 1252 Vel
261 1194 360 1249 nulium
373 1188 395 1266 J.
435 1187 515 1249 Talis
531 1188 584 1247 suit
605 1187 680 1247 iilius
696 1189 825 1265 discipuli
848 1192 1011 1268 cavillatio,
1031 1200 1082 1273 qui
1092 1203 1161 1274 proi

165 1271 242 1328 milla
264 1272 291 1326 in
310 1264 471 1325 mercedem
492 1265 622 1338 magistro
644 1265 694 1323 suo
722 1269 897 1327 Rhetoricen
930 1283 1005 1330 certa
1019 1278 1158 1344 ,pecunia

165 1347 269 1403 summa
298 1358 365 1401 tunc
386 1341 498 1398 demum
521 1342 680 1411 solvende,
701 1345 886 1418 uiiprirnom,
913 1363 989 1421 worn
1003 1349 1109 1409 odorus
1126 1356 1159 1412 ire

156 1420 218 1498 foro
237 1418 315 1497 effer,
344 1414 446 1493 causam
462 1415 634 1495 adtinuiffet:
661 1421 750 1495 pallus
771 1421 876 1480 deinde
898 1423 956 1494 est,
984 1423 1012 1483 se
1035 1443 1051 1482 a
1072 1429 1161 1502 magi.

163 1499 243 1566 liro,
264 1496 309 1554 cui
329 1493 488 1553 satisfacere
506 1498 657 1564 renuebat,
681 1497 709 1553 in
731 1498 798 1555 soro
819 1499 984 1564 conveniric
1005 1515 1158 1578 reputans,

164 1576 192 1633 se
212 1577 266 1630 hac
288 1573 429 1630 rationea
448 1570 586 1629 solvendo
610 1571 674 1629 fore
695 1572 814 1633 liberum
849 1591 887 1633 eo
908 1576 1046 1648 obtentu,
1076 1581 1159 1653 quod

163 1649 369 1707 condemnatus
386 1647 420 1703 ed
437 1648 465 1705 id
482 1647 569 1720 ipsum
592 1665 608 1704 a
622 1648 781 1719 judicibus,
799 1650 856 1721 iam
873 1653 984 1726 primam
997 1651 1076 1731 suam
1093 1671 1160 1716 ca-

156 1724 215 1805 snm
242 1722 370 1801 onristffet.
416 1723 532 1800 Quippe
555 1724 603 1783 tali
627 1726 781 1784 verborum
818 1727 1054 1804 interpretatione
1085 1748 1159 1800 conff

164 1803 265 1861 ventio
290 1802 397 1857 nulium
418 1805 502 1876 piane
516 1799 648 1860 effedum
662 1814 723 1860 erat
744 1801 884 1863 sortitura.
934 1821 936 1825 ·

198 1880 247 1937 Vei
264 1875 427 1950 airsurdumi.
464 1877 530 1936 Huc
549 1877 675 1951 pertinet
695 1879 773 1938 casus
796 1881 897 1939 miselli
914 1881 990 1940 iliius
1003 1883 1154 1948 barbitum

161 1955 250 2025 soris,
281 1954 330 2024 qui
347 1954 486 2020 Bononia,
514 1951 594 2025 quod
612 1952 696 2011 alicui
726 1954 755 2012 iit
770 1955 865 2028 platea
887 1973 990 2020 venam
1007 1959 1152 2035 secuisset,

158 2031 269 2090 delatus
288 2029 359 2096 fuit,
380 2030 446 2102 quia
462 2028 501 2085 ibi
516 2029 647 2089 statutum
664 2039 742 2100 erat,
772 2042 803 2089 ut
824 2033 990 2110 quicunque
1015 2036 1045 2102 in
1056 2038 1154 2114 platea

159 2108 240 2165 alteri
261 2104 420 2181 sanguinem
448 2101 589 2181 eiieeiffet,
619 2105 792 2180 gravissimas
816 2126 915 2183 poenas
943 2110 1033 2171 daret.
1077 2113 1155 2173 Vide

159 2185 340 2244 Eventurum
360 2183 442 2240 Locos
463 2182 589 2257 Leguies,
619 2181 679 2241 Luc.
701 2183 734 2240 ab
752 2181 857 2259 absurdo
879 2198 941 2259 pag.
967 2204 1031 2256 144.
1057 2191 1156 2248 Meni.-

159 2254 230 2319 reste
248 2254 340 2315 ‘eninr'
355 2257 504 2315 absurdum
525 2256 636 2329 suerat,
664 2257 712 2318 sub
734 2262 829 2316 verbis
860 2262 950 2319 eiicere
974 2259 1151 2340 sanguinea,

156 2337 305 2396 salutarem
319 2331 445 2410 chirurgi
460 2336 662 2408 operationem
675 2335 931 2408 conprehendere.

549 2488 614 2563 e.
656 2487 726 2549 rx.

193 2646 285 2704 Aliam
305 2641 444 2720 mixtam}
485 2644 595 2702 Incerta
610 2641 715 2719 puriter
734 2660 768 2704 ac
784 2644 891 2706 inutilis
912 2644 952 2709 eit
972 2645 1033 2708 liet
1051 2646 1149 2720 distin2,

155 2719 222 2779 siin.
261 2721 435 2781 Promisit&
456 2723 550 2794 paea,
579 2731 609 2779 ut
629 2717 835 2799 &privilegia,
868 2739 931 2785 cum
951 2726 1090 2784 eircnret
1112 2727 1152 2788 li·

155 2798 225 2854 citas
251 2798 443 2865 arsinoitae,
465 2809 553 2872 prout
567 2797 623 2855 hoc
638 2795 706 2854 loco
728 2797 961 2874 supponendum,
982 2801 1149 2872 verstntut.

85 2904 89 2912 ,
153 2888 252 2930 natura
277 2875 322 2932 sua
344 2872 537 2932 indifferentia
558 2874 634 2940 sunt,
662 2871 796 2946 adeoque
812 2893 866 2934 nec
880 2879 1012 2944 extendi,
1032 2894 1148 2937 neere-

155 2948 273 3025 llringi,
307 2949 358 3008 nisr
375 2963 512 3022 quantum
536 2965 637 3007 eorum
651 2949 772 3008 auiiorir
790 2951 915 3010 intentio
934 2953 1074 3028 postulat,
1096 2953 1147 3013 de-

153 3027 232 3084 bent.
273 3027 364 3083 Porro
381 3030 408 3083 in
426 3025 531 3084 cafilrus
549 3025 674 3101 adlegari
697 3025 807 3100 solitis,
825 3026 924 3086 usitata
942 3028 1145 3107 interpretatio.

154 3098 209 3158 aui
221 3101 279 3160 sieri
295 3102 387 3173 potest
415 3118 473 3159 non
491 3104 590 3161 habito
611 3103 688 3171 ejus,
711 3103 791 3176 quod
810 3103 941 3163 odiosum
967 3106 1015 3165 vel
1031 3105 1145 3168 ferora·

140 3179 212 3234 'bile
234 3181 260 3235 in
278 3179 311 3233 lis
332 3177 569 3248 deprehenditur,
598 3178 739 3246 respectu:
761 3191 792 3238 ut
808 3178 827 3238 fi
842 3179 944 3241 diilum
958 3181 1060 3255 suerit,
1081 3185 1143 3246 hoc

155 3254 201 3312 vel
235 3254 305 3313 iilud
326 3255 370 3324 jus
394 3256 474 3312 alicui
497 3268 543 3328 pre
561 3253 592 3332 se
610 3250 649 3325 ὅ
663 3255 724 3331 suis
747 3253 954 3333 descendentibus
978 3259 1144 3321 concellum

151 3329 231 3388 elle:
269 3329 411 3389 suffecerit
434 3332 555 3405 vulgaris
582 3332 716 3389 vocabuli
752 3332 955 3409 descendentium
988 3333 1077 3405 usus,
1109 3345 1143 3396 ut

152 3407 333 3481 priuilegium
349 3421 408 3463 non
424 3408 459 3464 ad
475 3423 547 3476 eos,
561 3407 609 3479 qui
629 3407 713 3478 primi
728 3405 790 3463 sunt
802 3405 924 3480 gradun,
943 3407 1141 3484 restringatort

152 3493 201 3539 aut
218 3498 289 3539 vero
311 3481 416 3553 aliquid
438 3481 522 3537 etiam
544 3482 677 3539 Auctoris
697 3480 787 3541 nostri
801 3480 946 3556 principiis
963 3485 1054 3544 minus
1073 3501 1144 3546 con·

151 3558 315 3616 serrtaneum
338 3556 482 3625 invoivit3
514 3553 582 3612 dicit
598 3557 672 3614 enim
700 3573 726 3616 e.
749 3574 778 3634 g.
792 3556 950 3617 favorabile
969 3560 1040 3629 else,
1059 3563 1144 3636 quod

151 3650 333 3693 communem
364 3633 514 3691 utilitatem
531 3631 658 3706 spectat:
680 3635 737 3703 J'am
759 3636 823 3710 quis
845 3650 904 3693 non
922 3638 1016 3709 norit,
1044 3653 1142 3715 poena·
1222 3660 1226 3668 ’

85 3756 90 3765 .
149 3727 212 3772 rurn
232 3707 437 3773 inflictionem,
459 3725 543 3781 quam
558 3710 632 3768 iuter
646 3709 745 3768 odiose
765 3709 907 3778 recenset,
920 3713 1049 3788 publice
1068 3715 1145 3775 utili-

151 3787 202 3845 tati
218 3786 398 3842 conuenire?
421 3786 555 3859 Denique
570 3798 755 3864 preterquam
773 3788 851 3866 quod
869 3786 917 3844 illa
939 3788 1079 3849 distintiio
1097 3809 1142 3851 ra·

151 3866 264 3922 tionum
286 3860 447 3919 conflislum
471 3860 673 3935 impedientem
695 3869 849 3939 quominus
870 3863 962 3923 decidi
976 3867 1142 3941 quicquam

151 3940 251 4015 pollrt,
281 3937 436 4013 aliquando
458 3937 587 3997 inducit:
625 3938 696 4008 sepe
724 3956 844 3999 numero
866 3940 951 3997 etiam
972 3941 1141 4017 interpreta-

152 4020 261 4076 tionem
290 4015 379 4073 sensui
404 4016 547 4088 loquentis
575 4013 722 4074 manifeste
740 4012 884 4072 adversam
908 4013 1056 4091 suggerere
1076 4033 1143 4094 apte

151 4093 247 4151 suerit.
287 4092 368 4150 Pone
385 4109 410 4148 e.
431 4108 457 4163 g.
475 4089 662 4164 magistrarum
684 4091 732 4150 iub
749 4090 830 4163 gravi
850 4092 1074 4152 comminatione
1092 4113 1144 4158 ex·

152 4169 259 4243 portari
275 4186 311 4226 ex
329 4169 448 4243 regione
467 4168 637 4225 frumentum
661 4169 796 4226 vetuisse:
815 4166 841 4223 dt
863 4184 934 4226 vero
954 4167 1075 4242 aliquem
1091 4188 1142 4234 ex·

153 4255 267 4317 portare
286 4243 419 4303 farinam:
439 4243 500 4302 hoc
520 4241 598 4312 colu,
620 4261 654 4303 en
669 4242 815 4318 principiis
831 4244 984 4312 nonoris,
1005 4246 1093 4320 isqui
1111 4251 1142 4309 in

152 4330 265 4385 exteras
288 4322 418 4394 regiones
440 4318 561 4385 farinam
586 4323 796 4396 exportaverit,
824 4335 884 4380 non
905 4321 1012 4397 poterit
1022 4326 1142 4398 puniri:

285 4428 288 4433 .
360 4410 364 4427 ⁶
1081 4413 1144 4474 ιη.
