3034 5509
242 632 327 720 976
406 614 410 621 ’
454 620 497 702 N
506 642 601 698 otu
632 623 694 724 Jo.
723 600 1076 704 Bann'uuniett'

694 801 721 860 u
760 800 790 860 n

447 934 1044 1031 ttuuuutu

628 1129 866 1195 Curuai.

674 1284 701 1358 n.
740 1283 811 1343 rx.

251 1447 260 1466 '
295 1443 383 1533 ,jSiim
403 1439 467 1518 quud
475 1439 616 1530 securitati
629 1448 720 1508 parum
737 1439 777 1496 tit
785 1436 824 1515 stt
838 1438 1009 1531 consultum}
1047 1441 1125 1501 Heic
1140 1400 1260 1507 Auster

255 1520 410 1580 commoda
428 1519 513 1577 iiatus
530 1517 622 1575 civilis
638 1532 694 1589 prae
713 1514 784 1574 statu
802 1519 921 1576 naturali
942 1534 1043 1593 praeter
1063 1519 1189 1578 modum
1208 1538 1258 1581 ex·

254 1609 377 1670 aggerat.
414 1593 508 1666 Vide,
528 1609 589 1667 quae
609 1590 668 1651 dixi
693 1592 816 1653 innotis
831 1597 867 1652 ad
879 1595 904 1672 J.
916 1596 959 1655 ti.
974 1594 1001 1656 dt
1014 1595 1051 1686 G
1063 1597 1112 1656 iiii.
1129 1596 1174 1658 ΙΙ.
1196 1611 1255 1673 cup.

255 1689 282 1731 2.

241 1760 246 1779 ι
299 1674 324 1748 i.
347 1688 374 1731 2.

611 1709 791 1807 Canum
832 1746 888 1806 11.

616 1934 620 1941 f
696 1900 814 1974 μυ.

247 2043 252 2054 ’
290 2043 400 2103 Omnem
419 2039 492 2119 usum
513 2040 680 2097 membrorum
698 2038 891 2115 genitalium.
929 2039 1046 2104 Constat
1065 2043 1202 2118 quidem,
1223 2059 1256 2107 ut

256 2120 292 2179 ad
307 2120 542 2194 propagationem
557 2117 673 2174 humani
692 2116 806 2190 generis
823 2118 986 2188 conjunctio
1001 2120 1154 2194 utriusque
1170 2122 1254 2183 sexus

254 2195 410 2256 neceiiario
439 2194 617 2267 requiritur3
649 2192 688 2250 ita
718 2191 791 2250 hauc
816 2211 933 2269 quoque
956 2196 1193 2266 coniunctionem
1218 2217 1256 2259 eo

255 2273 395 2343 tendere,
414 2285 447 2328 ac
463 2269 629 2345 regulariter
645 2269 730 2327 etiam
751 2284 789 2326 eo
805 2269 888 2344 dirigi
906 2269 1023 2330 debere.
1073 2274 1139 2331 Nec
1160 2277 1256 2335 minus

253 2348 385 2419 constat,
404 2360 524 2424 propter
542 2343 675 2404 effectum
696 2344 867 2413 naturalem,
900 2349 949 2422 qui
964 2365 1017 2424 pro
1037 2348 1185 2412 Creatotis
1209 2351 1257 2410 de·

254 2425 408 2485 ilinatione
427 2439 462 2482 ex
483 2421 668 2497 copulatione
690 2423 775 2480 maris
788 2439 822 2481 ac
844 2425 967 2483 ioeminae
981 2425 1111 2496 resultat,
1134 2445 1256 2490 omnem

255 2500 495 2560 commixtionem
514 2516 578 2558 cum
600 2495 709 2555 diversa
732 2497 844 2573 specie,
870 2513 919 2558 aut
943 2500 1047 2560 eodem
1075 2499 1144 2561 sexu
1167 2504 1256 2564 susce·

256 2590 353 2653 ptam,
374 2576 555 2646 turpiiiiutam
569 2574 643 2643 effe,
664 2590 697 2632 ac
719 2577 840 2633 naturali
861 2575 917 2647 juri
940 2576 1096 2645 advetiari3
1116 2596 1201 2656 :eque
1222 2599 1256 2642 ac

256 2653 374 2714 illorum
390 2651 565 2722 institutum,
592 2650 642 2727 qui
663 2649 697 2708 de
719 2649 853 2715 industria
871 2650 921 2725 ipsi
937 2651 964 2711 se
980 2652 1015 2711 ad
1034 2659 1255 2732 generationem

247 2730 373 2804 ineptos
397 2726 531 2787 reddunt.
574 2728 680 2787 Verum
700 2743 759 2787 uon
781 2728 850 2787 iude
872 2728 1016 2803 sequitur,
1046 2730 1129 2806 quod
1146 2735 1255 2811 cupido

256 2804 417 2866 naturalem
435 2804 513 2864 ilium
538 2804 719 2878 adpetitum,
744 2805 851 2864 amoris
879 2804 1007 2867 stimulos
1036 2808 1254 2882 concitantem,

254 2880 406 2956 depiendl,
428 2883 466 2940 ita
482 2896 546 2940 cum
566 2881 667 2954 speciei
683 2882 890 2953 propagatione
903 2881 1007 2945 debeat
1022 2882 1181 2955 confundi,
1202 2900 1253 2958 ut,

254 2959 371 3032 quoties
391 2955 534 3029 posterior
550 2956 633 3014 hicce
648 2954 710 3013 finis
727 2955 829 3027 ceilae,
851 2958 932 3033 prior
946 2963 1067 3020 omnino
1079 2961 1111 3021 su
1128 2962 1254 3027 illicitus.

253 3037 298 3093 Ut
317 3032 392 3088 enim
410 3031 624 3089 matrimonium
640 3029 753 3099 senum,
775 3033 854 3108 quod
873 3051 924 3108 per
947 3037 974 3097 ie
994 3049 1079 3110 turpe
1095 3037 1155 3097 effe
1174 3058 1206 3100 ac
1220 3041 1253 3099 il·

252 3107 413 3183 legitimum
441 3105 957 3182 hautquaquamdemonstraveris,
988 3125 1119 3173 taceama
1151 3117 1253 3191 deprc-

254 3182 420 3244 henduntut
436 3193 561 3259 utroque
575 3184 659 3252 sexu,
683 3184 732 3259 qui
749 3184 809 3260 ipio
828 3189 917 3246 aetatis
935 3187 1029 3262 flore,
1048 3191 1106 3249 five
1125 3192 1189 3251 casu
1204 3193 1255 3251 ali·

255 3279 335 3338 quo,
361 3257 419 3320 live
436 3260 558 3321 naturali
579 3259 669 3328 vitio,
697 3263 921 3334 progenerandae
941 3265 1032 3325 ioboii
1055 3267 1117 3327 suut
1141 3270 1251 3329 inhabi-

257 3340 316 3406 les;
349 3334 494 3396 &tamen
525 3335 644 3407 eadem,
670 3353 725 3413 qua
752 3337 880 3412 aptiffimi
907 3340 942 3397 ad
964 3342 1249 3419 multiplicationem,

254 3427 423 3492 premuntur
444 3412 580 3473 libidine.-
602 3412 689 3488 fingas
706 3414 787 3483 jam,
810 3415 939 3475 constare
961 3417 997 3476 de
1018 3420 1073 3478 hac
1089 3422 1251 3481 inhabilita-

254 3503 302 3563 te,
323 3489 563 3566 quemadmodum
578 3488 732 3565 aliquando
755 3489 864 3550 nulium
881 3494 941 3564 eius
964 3495 1104 3570 reliquum
1127 3499 1183 3556 eise
1199 3500 1251 3559 du·

252 3568 332 3627 bium
353 3566 464 3644 potest:
484 3583 520 3626 au
536 3585 606 3642 ergo
623 3567 774 3626 damnandi
790 3567 861 3626 tales
882 3570 1069 3632 intolerabilis
1088 3575 1250 3636 coelibatus

254 3642 383 3703 suerint?
403 3643 520 3702 Fuerint
535 3658 628 3703 auten
649 3645 786 3714 omnino,
815 3643 865 3706 nisi
879 3664 932 3716 pro
946 3650 1087 3724 principio
1101 3651 1252 3725 posuerit,

254 3719 469 3779 exstinctionem
487 3717 563 3776 iliius
580 3718 726 3792 desiderii,
747 3737 827 3795 teque
844 3725 993 3795 naturalis,
1021 3742 1053 3783 ac
1071 3727 1129 3786 cibi
1152 3727 1250 3803 &po-

255 3808 317 3866 tus,
340 3797 510 3854 innocenter
533 3797 562 3852 in
587 3794 632 3870 se,
659 3814 693 3856 ac
716 3809 850 3873 tanquam
873 3801 1036 3876 primarium
1058 3803 1143 3864 finem
1164 3804 1247 3879 poil'e

255 3872 369 3946 adpeti:
395 3869 485 3930 modo
506 3871 621 3948 quidem
645 3890 683 3934 ne
709 3873 769 3933 hoc
797 3873 856 3950 ipso
879 3877 1081 3939 detrimentum
1100 3881 1246 3942 adiciatur

253 3947 398 4017 societati,
419 3964 453 4006 ac
474 3950 501 4007 in
521 3951 618 4023 primis
637 3951 749 4024 generis
773 3951 888 4011 humani
903 3957 1089 4031 propagatio,
1115 3973 1248 4018 commo·

255 4024 347 4098 daque
368 4042 402 4084 ac
425 4021 530 4082 decora
552 4024 686 4084 educatio
713 4029 868 4090 liberorum
892 4032 1072 4108 impediatur.
1116 4032 1257 4107 Suffecez¹

251 4100 309 4157 rint
325 4098 418 4161 iiiharc
435 4101 509 4160 circa
525 4101 653 4160 subtilem
671 4104 915 4168 adeo'materiam.
960 4112 1027 4169 Nec
1041 4128 1113 4170 vero
1128 4109 1250 4170 difficile

249 4174 307 4245 1³⁰¹
328 4176 430 4262 tuerit,
460 4178 677 4256 consequentias
704 4197 740 4252 ex
764 4184 908 4265 principio
930 4187 1063 4256 brevibus
1087 4187 1249 4249 constituto

249 4249 371 4315 fluenter
384 4251 497 4315 elicere.
