3034 5509
385 656 457 734 922
522 666 532 677 ,
580 636 719 712 Norra
752 635 815 732 Jo.
847 634 1164 711 Birsnsnscrr

388 831 417 886 3.
437 814 533 885 Maius
555 815 662 871 bonum
681 808 886 886 preferendum
902 810 942 869 est
966 813 1069 868 minori
1090 813 1193 878 botro,
1226 809 1347 879 nullum
1368 812 1399 872 ii-

388 904 434 950 cet
451 891 552 948 maium
577 889 639 964 post
659 889 686 945 se
708 888 841 946 traciuro.
879 907 907 961 4.
927 888 1063 947 sedanda
1090 889 1197 964 semper
1221 887 1289 945 suut
1319 891 1398 948 bona

389 965 625 1044 praestantissima,
646 982 706 1037 que
723 969 877 1023 conuenire
905 969 987 1022 nobis
1010 966 1139 1040 potsunt,
1161 963 1398 1024 conformanda·

388 1063 444 1119 que
463 1043 613 1117 propensio
636 1042 729 1099 nosira
752 1055 859 1099 naturae
881 1045 1018 1114 cuiusque
1045 1043 1123 1098 boni.
1165 1056 1190 1112 5.
1214 1043 1395 1114 Apodistica

388 1122 559 1179 certitudine
582 1135 640 1175 non
663 1135 733 1193 opus
750 1118 791 1175 eti
808 1125 920 1177 ratione
943 1122 1144 1193 pregnantium
1166 1124 1320 1178 bonorum
1345 1137 1394 1181 aut

387 1200 548 1256 malorum:
569 1193 668 1254 sufficit
692 1194 917 1268 probabilitas&
938 1195 1117 1271 possibilitas,
1141 1208 1171 1252 ut
1187 1197 1283 1253 homo
1305 1201 1393 1257 ratio·
1438 1244 1439 1251 ,

385 1282 430 1332 nis
447 1275 559 1331 dudum
583 1276 715 1345 sequens,
738 1273 813 1329 levia
840 1274 933 1346 aliqua
959 1276 1034 1330 bona
1057 1273 1279 1346 praetermittat,
1306 1276 1395 1333 levia-

386 1368 442 1425 que
459 1352 553 1425 aliqua
578 1349 650 1406 mala
666 1351 811 1424 excipiat,
834 1349 870 1408 ad
892 1349 1067 1423 adquirenda
1089 1350 1164 1404 bona
1188 1350 1280 1421 longe
1305 1356 1394 1422 rrtajo-

387 1446 438 1495 ra,
460 1444 493 1483 ac
511 1425 744 1484 evitanda-mala
767 1425 853 1498 longe
876 1428 1017 1498 grauiora.
1057 1426 1098 1483 Er
1125 1426 1168 1483 lds
1189 1440 1290 1484 autem
1313 1447 1395 1500 regu-

389 1505 424 1562 lis
442 1506 468 1562 in
487 1505 595 1561 sensum
616 1518 797 1560 communem
823 1506 1034 1560 incurrentibus
1062 1518 1112 1574 per
1134 1502 1261 1574 liquidas
1295 1508 1394 1562 cons-

325 1624 344 1630 ,.
388 1582 520 1654 quentias
543 1597 664 1651 pronum
692 1581 748 1649 jam
777 1579 817 1638 est
843 1580 995 1655 colligere,
1015 1594 1100 1653 quarn
1122 1577 1307 1658 preferenda
1330 1581 1393 1642 reli·

369 1661 460 1734 quis
470 1662 601 1717 omnibus
615 1659 706 1714 virtus
724 1658 829 1716 veniat.
895 1724 900 1735 Ι

800 1808 968 1884 §.xri

427 1965 467 2021 Ut
490 1967 558 2022 citra
579 1973 715 2035 peecatum
736 1961 810 2016 velut
835 1960 932 2033 depleri
958 1961 1085 2041 querat}
1126 1962 1192 2020 Hoc
1215 1963 1244 2021 in
1278 1965 1395 2024 uniret-

391 2042 449 2101 sum
474 2041 562 2098 adseri
585 2055 642 2094 non
665 2036 767 2112 potest.
807 2037 907 2095 Homo
933 2058 958 2098 e.
979 2061 1006 2116 g.
1028 2039 1223 2097 libidinosore
1249 2054 1394 2117 tempera-

390 2132 490 2177 mento
504 2115 652 2192 preditus,
674 2114 769 2171 forsan
791 2114 975 2188 perlongum
999 2131 1109 2191 ternpus
1133 2117 1272 2173 ducendae
1296 2123 1394 2178 uxoris

392 2200 505 2269 copiam
520 2209 578 2249 non
596 2193 750 2248 habuerit:
768 2191 892 2249 Maritus
910 2194 959 2252 diu
978 2196 1014 2252 ab
1032 2210 1119 2251 uxore
1139 2191 1289 2252 abfuerit:
1311 2199 1395 2254 Uxor

393 2273 498 2330 diutius
527 2285 598 2341 egra
628 2269 757 2338 jacuerit.
797 2267 851 2324 Via
881 2271 998 2346 itaqua,
1021 2269 1235 2344 quamsuadet
1266 2273 1394 2342 Austor,

391 2363 597 2422 nonnunquam
621 2347 745 2403 obtineri
768 2349 882 2418 nequit;
904 2361 932 2404 at
955 2365 1008 2406 nec
1031 2347 1215 2422 utplurimum
1242 2362 1326 2406 caret
1347 2367 1395 2424 pe·

356 2452 361 2460 ·
392 2427 495 2486 riculo.
532 2421 680 2494 Cupiditas
702 2424 807 2497 quippe
830 2425 974 2492 habendi,
1000 2426 1145 2498 libidoque
1168 2425 1241 2482 alios
1267 2429 1394 2500 preemi-

393 2505 481 2562 nendi
498 2517 643 2576 nunquam
660 2500 816 2556 clamitant:
842 2497 907 2558 satis
920 2501 976 2560 est:
999 2502 1151 2577 sepiusque
1168 2502 1267 2560 deficit
1281 2504 1394 2561 occasio

393 2581 457 2638 illas
473 2579 556 2635 licitis
578 2577 677 2633 mediis
702 2575 852 2650 deplendi3
874 2581 913 2634 ita
937 2592 968 2636 ut
989 2592 1057 2635 tunc
1077 2577 1162 2636 facile
1186 2581 1252 2652 quis
1278 2580 1394 2637 stimulis

393 2659 425 2718 in
443 2669 617 2731 quaecunque
633 2654 715 2710 deria
732 2653 819 2727 ipsum
838 2655 1047 2726 impellentibus
1070 2655 1245 2715 succumbat.
1291 2658 1396 2714 Diut-

395 2733 464 2791 dum
490 2749 559 2803 ergo
583 2728 624 2788 est
645 2748 661 2786 e
684 2733 849 2798 contrario,
871 2731 1053 2800 tutissimam,
1075 2734 1162 2790 immo
1191 2737 1308 2791 unicam
1330 2740 1394 2794 bec

393 2813 470 2868 viam
486 2808 557 2874 esse,
579 2822 610 2863 ut
626 2808 689 2881 quis
706 2806 925 2868 dominantibus·
937 2810 1157 2881 cupiditatibus,
1178 2826 1251 2882 quas
1279 2816 1392 2870 cobibe-

393 2882 586 2957 reintendit‚
616 2886 718 2939 obices
740 2886 904 2954 interliciat.
944 2886 1011 2943 Ello
1034 2900 1134 2958 prater
1158 2889 1281 2946 modum
1307 2908 1392 2947 auaro

395 2980 480 3020 omae
509 2959 638 3016 lucrandi
670 2959 793 3016 medium
826 2960 1000 3032 suspestum:
1030 2964 1079 3020 lias
1108 2976 1221 3020 tantum
1248 2968 1392 3025 adnitatur

397 3052 564 3110 comparare
577 3053 662 3110 opes,
684 3052 754 3110 quas
770 3037 885 3094 bonella
904 3039 942 3095 sui
960 3039 1127 3113 suorumque
1143 3041 1280 3114 deposcit
1296 3043 1396 3102 sullcn-

396 3118 485 3174 tatio:
508 3126 602 3170 cetera
618 3115 734 3168 decoras
750 3115 854 3185 tnagis,
876 3133 959 3190 quam
983 3116 1132 3174 lucrativas
1157 3117 1291 3192 suscipiat
1314 3139 1394 3178 occu·

396 3193 538 3268 pationes.
578 3188 752 3247 Ambitiosus
768 3204 866 3247 contra
881 3193 1022 3249 honorum
1038 3192 1134 3250 sedulo
1153 3193 1246 3264 fugiat
1272 3197 1394 3257 tellimo.

397 3272 462 3336 nia,
485 3267 612 3340 utileque
627 3267 737 3336 potius,
759 3283 842 3339 quarn
860 3268 994 3327 decorum
1011 3269 1126 3328 ambiat.
1165 3271 1282 3332 Pronus
1298 3276 1326 3332 in
1350 3292 1396 3333 vo·

399 3349 523 3420 luptates
546 3342 718 3403 laboriosum
735 3344 933 3420 intentumque
948 3348 1011 3402 vitae
1033 3364 1122 3418 genus
1146 3349 1243 3412 ineat:
1270 3369 1395 3410 amorem

400 3426 497 3499 gloriae
517 3419 678 3494 superandis
711 3420 841 3479 mollitiei
871 3440 904 3481 ac
934 3423 1048 3480 luxuria
1079 3424 1223 3483 illecebris
1260 3428 1394 3487 idoneum

399 3497 555 3560 contendat
582 3499 677 3555 animo
699 3499 841 3556 inducere.
896 3501 963 3560 Hoc
991 3501 1055 3557 sane
1089 3502 1170 3576 pauo
1205 3504 1395 3565 devincentur

401 3577 516 3638 trrrdetn
533 3574 696 3646 cupidines,
717 3592 792 3649 que,
814 3576 949 3653 quicquid
982 3577 1081 3634 sentiat
1105 3577 1229 3652 nudor,
1252 3599 1397 3660 nunquam

402 3660 443 3716 sta
458 3655 520 3714 suut
534 3653 714 3721 veliementer,
734 3656 851 3711 utnulla
867 3657 966 3712 ratione
982 3657 1089 3738 reprimi
1097 3650 1199 3732 poffittt.

733 3824 738 3834 ·
807 3810 994 3885 surr.

441 3964 602 4043 ipsorumque
629 3962 784 4041 imperatui.
823 3963 856 4022 id
887 3965 1050 4041 suppununt
1075 3982 1173 4025 omnes
1196 3956 1400 4040 Legislatoret.

404 4047 472 4102 Vid.
494 4059 554 4118 que
578 4042 648 4099 ditia
674 4043 735 4102 sunt
757 4041 793 4100 ad
813 4042 839 4119 J.
866 4045 904 4102 N.
935 4042 961 4100 dt
992 4044 1028 4103 G.
1062 4046 1110 4105 lib.
1130 4045 1155 4104 1.
1186 4058 1246 4121 cap.
1273 4062 1299 4119 5.
1316 4049 1349 4123 s.
1374 4060 1403 4118 13
1438 4060 1439 4119 ξ

404 4136 456 4181 nrt.
481 4129 508 4182 ό.
530 4118 590 4177 ade
606 4119 681 4181 Edit.
1437 4126 1439 4175 l

826 4199 852 4273 ᾗ.
890 4199 976 4259 XV.

354 4401 359 4413 .
444 4347 845 4430 Deniquemttmrurcerrtt
884 4353 1026 4415 Accurate
1060 4352 1235 4432 loquendo,
1266 4353 1405 4490 ejusmoffi

1323 4449 1404 4495 nort
