3034 5509
147 2056 157 2104 l

264 573 358 645 ¹018
417 558 643 634 Earsnott
669 555 890 633 Censorem
916 556 1142 646 Audurus
1193 624 1201 637 κ

254 737 445 798 dicamentura
460 734 617 810 prescribat
635 743 770 808 tanquam
787 733 933 803 medicus,
953 733 1011 794 five
1032 747 1171 812 tanquam
1195 740 1248 800 dp·

255 821 363 874 minus:
385 813 522 882 obligatio
539 828 575 868 eo
593 813 693 868 utendi
711 809 824 870 aliunde
839 815 994 885 provenit,
1015 829 1117 888 nempe
1134 818 1172 874 ab
1194 819 1243 875 illa

257 891 318 965 lege
339 890 481 954 naturali,
502 905 562 962 quae
584 888 661 954 stult,
683 899 715 946 ut
734 899 878 960 acceptam
896 905 911 943 a
927 889 994 960 Deo
1015 893 1103 950 vitam
1120 897 1246 967 quisque

255 973 362 1028 miratur
378 966 567 1027 conservare.
584 965 719 1039 adeoque
740 966 769 1022 in
791 965 867 1021 hunc
892 965 974 1023 finem
995 969 1091 1025 omnia
1113 968 1247 1042 legitima

253 1046 368 1106 media.
390 1062 406 1099 a
428 1057 599 1115 quocunque
625 1040 671 1100 illa
697 1040 744 1099 sibi
769 1039 950 1111 offerantur,
981 1041 1125 1104 adhibeat.
1171 1046 1247 1105 Inde

251 1120 329 1196 quod
354 1122 389 1178 de
404 1119 465 1177 duta
481 1118 641 1195 aufugiendi
658 1116 784 1190 occafinne
805 1130 943 1175 memorat
962 1119 1150 1195 Anonymus,
1174 1127 1245 1197 quin

251 1212 343 1256 totum
360 1199 477 1253 omnino
496 1195 655 1271 exemplum
667 1194 738 1254 nihil
754 1192 793 1252 'ad
806 1211 866 1253 tem
882 1193 960 1254 iacit.
998 1196 1179 1259 Accedamus
1197 1201 1245 1258 de·

250 1277 337 1348 nique
355 1276 390 1333 ad
406 1273 568 1348 Epilogum.

290 1427 342 1511 *§.
366 1423 446 1491 XX.
469 1423 551 1490 Haec
567 1424 637 1491 satis
660 1422 854 1504 ostendunt,
875 1423 979 1491 deess‘e
996 1423 1131 1491 uinitori
1156 1427 1245 1509 prin-

251 1511 335 1591 cipia
353 1524 460 1584 certa,
475 1509 588 1588 quibus
602 1524 690 1572 veras
703 1508 780 1588 iuris
797 1509 941 1572 rationes·
950 1506 1146 1574 constituat:
1163 1530 1245 1592 quo-

219 1654 222 1661 .
250 1596 334 1660 niam
353 1589 506 1676 principia
522 1609 581 1676 pro
597 1590 730 1654 'arbitrio
744 1588 809 1672 ipse
824 1591 969 1670 effinxit,
983 1608 1065 1672 ¹quae
1086 1593 1143 1656 sibi
1162 1594 1245 1659 suffi-

250 1693 403 1743 ceremon
420 1673 558 1756 poliunt.
603 1671 751 1737 Ceterum
779 1668 982 1737 fundamenta
1009 1674 1040 1738 dt
1059 1678 1246 1741 communia

250 1760 335 1827 omni
353 1756 433 1839 juri,
456 1755 577 1840 (etiam
603 1755 687 1838 quod
706 1773 748 1819 cx
772 1773 863 1838 aequo
890 1752 921 1819 dt
942 1754 1028 1820 bono
1043 1771 1167 1823 tantum
1187 1759 1241 1822 dc·

248 1841 397 1923 scendit)
419 1840 448 1904 dc
472 1838 598 1921 propria
619 1834 752 1916 stricto,
782 1837 895 1922 (quod
925 1838 1020 1931 etiam
1049 1838 1245 1924 superiorem

249 1920 447 2002 constituit)
469 1921 545 1986 alias
564 1919 698 1983 indicata
721 1920 799 1984 sune
841 1919 885 1984 Et
906 1933 943 1984 ut
963 1919 1046 1986 dreia
1063 1922 1173 2001 paucis
1191 1943 1241 1990 re·

246 2005 462 2083 colligamus,
486 2005 518 2066 in
543 1999 723 2065 universum
747 2000 914 2066 dicendum
941 2000 1012 2081 est,
1034 2001 1130 2086 fiuent
1158 2005 1243 2088 Jutis

247 2081 411 2155 Naturalis
436 2082 499 2149 elle
519 2083 637 2148 bonum
659 2081 876 2149 servantium:
897 2084 1066 2171 objectum,
1085 2089 1245 2170 quicquid

248 2170 383 2233 aliorum
408 2165 555 2244 interest,
577 2165 655 2231 &in
674 2165 779 2230 nostra
798 2165 1032 2250 estpotestate:
1055 2170 1174 2254 causum
1188 2171 1242 2234 de-

250 2247 529 2335 nique‘efficientem
545 2249 577 2315 in
594 2247 686 2314 nobis
700 2247 761 2313 elie
773 2249 903 2314 rationis
920 2265 1046 2316 aeternae
1060 2254 1171 2319 lumen
1182 2255 1244 2320 ,di-

249 2335 368 2399 vinitus
389 2336 421 2398 in
436 2331 595 2397 mentibus
611 2328 788 2397 accensum.
831 2331 913 2398 Haec
931 2349 994 2398 tarn
1018 2334 1109 2416 plana
1126 2337 1159 2402 dc
1175 2334 1243 2401 lim·

249 2418 348 2501 plicia
370 2415 468 2481 credo
488 2415 564 2481 vitis
595 2412 780 2498 quibusdam
800 2417 903 2479 acutis
932 2415 1027 2481 nimis
1048 2417 1145 2482 obvia
1176 2417 1243 2483 vila

249 2497 332 2576 effe,
353 2515 449 2580 atque
464 2497 537 2561 inde
550 2496 773 2580 paradoxotera
795 2497 935 2580 quaedam
950 2498 1151 2582 excogitata,
1172 2521 1243 2577 ‹ruae

249 2581 404 2648 novitatis
420 2577 524 2660 specie
534 2577 774 2644 blandirentur:
794 2581 878 2728 ἓυοά
896 2599 1001 2663 neque
1014 2583 1160 2663 priorum
1178 2582 1242 2648 foe-

249 2664 395 2728 euml-itas
411 2707 422 2742 ‚
441 2679 541 2746 neque
565 2661 676 2726 horum
694 2661 795 2746 imper
812 2660 895 2726 ectio
912 2660 985 2728 satis
998 2663 1242 2747 perspiceretur.

248 2745 334 2813 Haec
355 2747 393 2812 ad
415 2744 495 2820 Te,
526 2743 594 2807 Vm
616 2742 776 2821 Sarrae,
802 2744 1019 2825 perscribenda
1043 2750 1181 2827 putavi,
1208 2766 1243 2814 ut

186 2853 189 2858 ·
247 2830 421 2909 adpareat,
449 2845 529 2906 opus
551 2825 842 2914 Pufendtrpinnum,
868 2827 924 2893 erfi
957 2827 1087 2894 minime
1116 2830 1242 2913 adsper-

248 2912 385 2975 nandum
398 2957 407 2988 ‚
422 2910 454 2974 in
474 2908 543 2991 ipsis
560 2923 662 2971 tamen
680 2909 839 2991 principiis
855 2910 1026 2994 multiplici
1042 2916 1241 2978 emendatio·

248 3010 291 3055 ne
308 2993 453 3074 indigere.
476 2987 654 3138 V§fecerum
672 2990 710 3056 ad
728 2991 929 3072 particularia
949 2995 1035 3060 nunc
1048 2993 1242 3062 descendere

248 3091 313 3138 nnn
329 3088 432 3138 uacat.
557 3120 566 3137 .

290 3232 457 3307 Oppolitam
477 3231 702 3298 conclulionem.
725 3249 761 3293 cx
783 3235 860 3295 dietis
882 3237 1036 3307 fluentem,
1055 3239 1162 3299 Lestor
1178 3258 1244 3301 meo

252 3306 321 3368 loco
343 3310 482 3370 elicuerit.
522 3310 631 3372 Sufficit
654 3311 745 3373 milri}
768 3315 885 3371 verbum
908 3317 982 3373 circa
1003 3318 1158 3390 principia,
1182 3336 1244 3394 que

250 3387 381 3478 marmoris
406 3388 494 3447 nostri
517 3389 707 3449 fundamentis
730 3388 893 3449 substituere
909 3392 969 3468 vult
983 3393 1173 3470 Anonymus‚
1194 3397 1243 3455 ad-

265 3481 346 3521 rcere.

250 3479 261 3534 J
288 3542 391 3619 Fateor
408 3541 538 3618 quidem,
559 3557 605 3601 nte
621 3543 648 3599 in
665 3541 718 3601 illis
731 3542 801 3602 nihil
817 3543 866 3602 nist
882 3541 965 3616 ualde
981 3561 1085 3619 uagum
1103 3551 1243 3624 reperite.

251 3615 305 3679 Id.
325 3619 406 3692 quod
423 3638 475 3691 pro
491 3619 567 3697 cansa
579 3616 704 3692 ffciente
718 3621 949 3696 JurisNaturalis
968 3624 982 3693 ί
990 3623 1056 3681 hinc
1075 3625 1152 3683 enlm
1177 3629 1247 3685 inci·

248 3695 406 3770 piendum)
435 3697 587 3762 venditat,
607 3697 740 3770 generale
763 3699 935 3771 principium
956 3698 996 3757 est
1009 3701 1139 3760 omnium
1157 3703 1247 3762 scien·

250 3772 352 3829 ciarum
373 3774 561 3830 naturalium:
582 3790 616 3830 arr
633 3774 708 3830 enim
722 3770 777 3829 ulla
792 3774 900 3843 existit,
917 3793 984 3835 vere
1000 3775 1082 3843 talis,
1103 3796 1168 3854 que
1182 3794 1243 3840 nott

252 3849 289 3905 alr
304 3861 403 3907 nterim
418 3852 526 3907 retineris
543 3852 661 3920 lumine,
680 3850 811 3916 diuinitus
824 3856 852 3908 in
872 3858 1000 3912 mentibus
1012 3851 1105 3929 rustris
1119 3873 1195 3914 accen
1208 3877 1245 3928 o,

252 3926 388 3984 emanet?
407 3926 560 4000 opedam.
582 3929 593 3993 l
602 3927 707 3993 autpst
728 3932 885 3987 accuratius
902 3931 1043 4006 loquaris,
1064 3936 1173 3992 materia
1187 3859 1241 4007 fit-

252 4004 289 4058 tis
306 4003 467 4061 Naturalis:
488 4004 627 4074 otrjettum
642 4005 715 4062 enim
731 4009 845 4079 proprie
861 4005 923 4064 suat
942 4009 1004 4072 illi.
1024 4024 1089 4083 erga
1104 4024 1177 4082 quos
1193 4010 1244 4080 ius

242 4077 323 4135 illud
341 4080 381 4138 est
397 4081 623 4155 observandum)
644 4083 781 4156 oljeilnm.
802 4084 936 4158 iuquam,
950 4087 1104 4165 proutllroc
1117 4085 1246 4161 Anony-

254 4168 315 4210 mus
334 4155 493 4221 constituit.
515 4159 693 4232 depromtum
712 4177 745 4216 ex
759 4161 961 4234 generalitate,
984 4163 1011 4218 in
1027 4178 1078 4235 qua
1093 4178 1245 4233 remanet,

249 4229 291 4327 {d
306 4234 476 4311 principium
489 4233 650 4314 socialitatis
676 4235 842 4300 reducitur:
872 4255 927 4300 nec
950 4240 1026 4301 enim
1054 4238 1248 4379 crediderim,

370 4320 374 4326 ,
1151 4333 1245 4397 my·
