3034 5509
378 598 459 702 994
491 582 746 685 'Erttrott
769 578 995 681 Cautoutt‘
1018 585 1243 679 Auounur
1302 659 1307 671 ,

386 767 600 855 eaedemque,
620 783 681 830 nec
707 761 823 845 censoru
846 757 1016 844 efficientem
1037 757 1120 843 Juris
1146 758 1281 834 Natura
1303 765 1397 837 recle

386 849 582 920 coustituille
599 847 719 919 Artior
739 846 896 914 videatur.

430 1034 544 1096 Addere
559 1031 748 1108 Anonymus,
764 1028 813 1105 qui
830 1027 856 1086 se
873 1027 937 1086 heic
959 1027 1131 1084 Germanum
1147 1027 1322 1103 profitetur,
1341 1045 1394 1103 po·

393 1114 504 1180 tuillet,
525 1124 622 1180 opus,
644 1108 724 1183 quo‘d
749 1118 794 1164 tot
823 1105 892 1178 ipse
905 1103 1036 1160 laborate
1056 1103 1394 1171 deledlibttseauffatur,

341 1195 344 1203 '
393 1205 454 1250 non
475 1188 504 1245 in
526 1185 668 1244 Germania
687 1183 867 1243 solummodo
888 1182 963 1237 inter
984 1182 1117 1251 optima,
1137 1180 1225 1236 immo
1248 1182 1394 1254 optimum

393 1279 512 1343 quoque
542 1278 571 1317 ur
590 1261 646 1320 hoc
673 1259 795 1321 scientia
820 1274 927 1332 genere
960 1255 1065 1313 haireti.
1114 1254 1230 1331 Quippe
1255 1256 1283 1314 dt
1307 1257 1393 1325 alibi,

393 1343 443 1401 vel
457 1335 531 1407 apud
545 1351 646 1409 gentes
663 1337 691 1394 in
706 1333 846 1393 fastidium
865 1348 989 1400 totum,
1007 1345 1070 1402 que
1093 1332 1205 1388 aliunde
1228 1333 1267 1389 ad
1292 1331 1340 1404 ie,
1363 1349 1395 1390 ac

394 1415 568 1496 potiffimum
591 1431 627 1473 ert
651 1409 796 1471 nonnullis
806 1480 808 1485 Ι
820 1409 983 1485 regionibus¹
998 1404 1192 1477 advehuntur,
1206 1409 1395 1485 aliquantum

394 1495 562 1572 proniores,
583 1486 790 1547 haud'miuuris
805 1486 962 1543 aeliirnatur.
1002 1482 1073 1540 Non
1094 1484 1208 1552 dicam,
1228 1501 1293 1557 quo
1315 1482 1396 1543 favo.

395 1590 429 1632 re
452 1579 572 1640 excepta
595 1565 728 1624 hellenus
752 1559 977 1639 Gallicarerfio
1000 1558 1102 1618 suerit:
1125 1558 1182 1615 ltoc
1207 1560 1310 1619 saltem
1334 1579 1395 1619 mo.

397 1646 527 1716 nuetim,
540 1654 604 1702 ante
618 1655 747 1715 quartam
766 1637 886 1696 nollrant
899 1634 1079 1701 Editioneur,
1090 1634 1147 1702 iam
1160 1651 1286 1711 quoque
1300 1637 1398 1710 Angli.

396 1737 459 1782 cam
487 1717 676 1794 metaphrasin
703 1729 834 1790 quartum
872 1709 995 1770 recusam
1025 1708 1183 1784 prodiiffe,
1216 1711 1267 1769 vel
1299 1714 1395 1787 potius

394 1797 542 1872 quintum:
563 1789 795 1870 quandoquidem
810 1791 950 1858 integrum
966 1786 1024 1845 lroe
1037 1784 1203 1859 opusculum
1217 1789 1400 1862 compendio
1438 1818 1440 1823 =

399 1873 550 1932 novissime
572 1870 651 1930 edito
680 1867 711 1927 dr
732 1865 804 1945 Jurr
825 1862 939 1924 Natura
967 1858 1149 1941 &Gentium
1180 1864 1321 1926 insertum
1342 1865 1396 1925 esst

395 1963 586 2023 percepimus.

130 2177 135 2184 ,
439 2113 492 2200 *§.
522 2111 581 2180 Vl.
609 2108 662 2177 De
680 2112 744 2193 fine
770 2110 815 2175 ita
840 2104 964 2176 deserte
988 2109 1182 2194 pronunciat
1214 2109 1278 2197 (a)
1305 2108 1340 2198 §.
1369 2120 1399 2184 δι

244 2172 307 2284 '11‘ss
317 2169 597 2288 Ell„i>raefattonts
620 2192 708 2260 suae:
732 2191 829 2274 finem
847 2193 984 2277 scientie
1008 2193 1100 2278 Jnrir
1125 2193 1256 2260 Nature
1283 2206 1398 2261 tontum

254 2297 377 2359 bartone,
401 2285 514 2351 amittit
547 2278 634 2364 injur
664 2278 737 2341 trite
758 2276 883 2342 includi.
940 2275 986 2342 Et
1012 2277 1160 2359 quoniam
1184 2275 1287 2361 objici
1316 2277 1399 2364 polle

254 2359 322 2424 Μ·
400 2363 623 2455 praevidebat,
656 2360 929 2427 immortalitatem
962 2359 1077 2424 auimae
1107 2361 1245 2426 naturali
1276 2362 1400 2427 ratione

402 2447 531 2525 evinci3
560 2464 599 2511 ac
620 2442 782 2527 proinde,
804 2461 876 2528 quae
905 2442 981 2508 hinc
1003 2439 1238 2528 consequantur
1262 2444 1303 2510 ad
1326 2444 1401 2529 jurit

400 2530 596 2618 justitiaeque
621 2525 874 2594 observationem
898 2521 1069 2603 facientia,
1093 2523 1132 2589 ad
1153 2525 1338 2594 domanam
1359 2525 1402 2609 iu·

400 2615 445 2685 ris
462 2610 597 2680 naturali
612 2608 735 2676 ratione
752 2624 794 2672 co
817 2608 876 2674 niti
898 2608 1072 2692 pertineret
1094 2605 1265 2691 respondet
1289 2609 1402 2676 eodem

400 2700 495 2769 locor
516 2696 649 2759 animum
663 2692 780 2776 quidem
795 2626 923 2756 {ominis
944 2692 1064 2755 ardenti
1082 2688 1202 2773 adfrdirt
1223 2692 1400 2767 immortali·

403 2783 465 2849 inii
479 2778 631 2844 imminere
642 2820 652 2853 ,
664 2772 771 2860 suique
786 2769 1007 2857 destruiiiurtem
1030 2774 1219 2840 vehementer
1250 2796 1328 2841 aver
1341 2777 1404 2852 trit

405 2877 494 2948 arque
523 2862 592 2922 inde
615 2860 694 2941 apud
713 2857 867 2941 plerasque
888 2868 991 2942 grates
1013 2857 1125 2922 inaleui
1146 2878 1161 2920 e
1187 2857 1302 2942 persua
1316 2876 1404 2925 nutrit

406 2949 443 3012 de
456 2945 561 3008 anima
580 2962 599 3003 a
615 2939 884 3021 cerporefiparoroe
899 2943 1073 3018 duratione,
1144 2943 1219 3024 prod
1236 2954 1313 3007 tanc
1328 2943 1405 3007 bonu

407 3031 499 3104 deae,
522 3023 609 3086 ntulit
623 3022 699 3086 ritule
720 3020 763 3102 fit
770 3021 933 3104 futurum:
953 3022 1094 3107 ejurandi
1113 3033 1214 3088 torreri
1241 3027 1328 3091 circa
1352 3026 1404 3089 bot

404 3101 636 3196 persnnfionem,
656 3106 689 3168 in
706 3124 764 3190 quo
778 3108 897 3169 animur
911 3105 1040 3170 domines
1052 3106 1139 3187 plene
1156 3124 1191 3170 at
1207 3104 1346 3190 firmiter
1358 3109 1406 3173 od·

431 3189 554 3275 urescere
565 3184 669 3272 poffii,
683 3186 791 3271 exsulo
812 3185 875 3253 Dei
896 3191 982 3253 verba
998 3189 1126 3258 hauriri.
1168 3187 1257 3258 Haec
1278 3190 1407 3258 Auum

409 3212 695 3342 letamenimrero
720 3273 798 3338 licet
828 3285 894 3338 tam
915 3288 1025 3337 verum
1051 3270 1151 3354 effer,
1178 3289 1274 3350 uuam
1297 3270 1407 3343 ratim

410 3357 483 3438 est,
505 3353 756 3421 immortalitatis
779 3354 892 3422 anime
921 3353 1045 3449 plenam
1068 3353 1407 3424 demonstrationem

409 3439 547 3508 naturali
563 3436 688 3503 ratione
711 3456 777 3504 non
799 3434 1009 3521 suppeditari:
1029 3433 1188 3505 sufficeret
1206 3451 1319 3506 tamen
1340 3456 1408 3525 pru·

410 3522 521 3601 denti,
543 3518 658 3601 saltem,
678 3535 826 3604 magnum
850 3519 974 3603 pondus
999 3518 1116 3587 habere
1138 3535 1356 3607 argumenta,
1381 3520 1410 3589 (t

412 3606 500 3692 spem
523 3603 616 3669 bonis
640 3603 782 3670 melioris
806 3603 883 3669 vitae
902 3599 1055 3669 eximiam
1075 3602 1168 3683 ‹lare3
1184 3600 1307 3688 justum
1335 3619 1412 3670 vero

413 3685 567 3772 improbis
596 3701 718 3750 metum
745 3685 866 3751 futurae
895 3682 1081 3775 graviffimae
1115 3705 1221 3772 poenae
1252 3687 1411 3757 incutere.

402 3767 555 3856 iugentia
579 3767 665 3832 enim
690 3768 763 3834 mali
792 3767 889 3833 etiem
916 3785 1117 3855 nonmagna
1145 3769 1280 3838 timendi
1304 3772 1415 3849 ratio,

413 3873 457 3924 ne
472 3852 595 3934 dicam,
617 3868 667 3915 ma
689 3868 727 3919 ua
753 3849 996 3918 veriiimilitudo
1035 3869 1144 3919 curam
1165 3851 1300 3921 cavendi
1321 3851 1414 3920 exci-

415 3956 484 4007 tare
506 3934 609 3999 deber.
689 3951 770 4019 eque
793 3952 847 4004 aut
867 3898 1204 4003 conleollrtomnium
1219 3952 1320 4104 grue
1335 3950 1415 4020 gen.
1442 3960 1444 3967 =

416 4025 520 4098 tium,
540 4033 595 4089 aut
610 4016 736 4085 iodrum
753 4017 939 4085 deiiderium
954 4017 1205 4087 immortalitatis
1289 4019 1325 4087 tti
1341 4035 1415 4114 pot·
1442 4026 1444 4031 ·

415 4105 500 4170 sunt.
557 4100 618 4167 Sed
643 4100 769 4170 firmum
795 4116 1016 4185 argumentum
1045 4101 1077 4169 dr
1104 4102 1235 4170 obvium
1262 4100 1416 4171 ommbttt

416 4185 436 4267 (
443 4202 479 4278 ut
499 4197 604 4252 cetera
620 4201 704 4250 nunc
726 4197 912 4277 preteream
929 4181 1128 4269 dubtiliura)
1142 4185 1264 4270 prebet
1285 4183 1355 4270 ipsa
1372 4184 1416 4251 di·

415 4269 485 4338 vtui
497 4265 648 4339 Numinis
667 4269 807 4355 agnino,
828 4285 924 4354 quam
940 4266 1027 4339 reete
1047 4267 1190 4347 admittit
1213 4267 1359 4365 Aridior,
1388 4266 1416 4337 dt
