3034 5509
279 653 349 738 908
483 578 999 719 'auarus-ro

267 822 330 910 tis,
357 817 560 914 elegantia,
587 819 687 907 ulus,
723 819 799 891 sunt
825 816 963 890 omnia:
990 814 1028 889 ἃ
1051 815 1084 890 in
1114 813 1159 888 iis
1182 837 1269 910 quo-

227 962 228 966 ¹
267 957 354 1030 que,
382 933 551 1030 inquibus
571 954 641 1004 non
673 955 796 1004 omnes
820 930 911 1003 forte
931 931 1187 1004 consentientes
1206 929 1268 1000 ha·

264 1045 395 1134 buerit;
422 1047 523 1142 copia
547 1047 694 1118 abundat
717 1045 788 1119 salis
812 1043 849 1117 tlt
874 1045 1011 1140 ingenii.
1060 1043 1195 1136 Neque
1222 1043 1267 1114 ad

261 1155 457 1231 illustranda
480 1159 730 1231 vindi-candore
753 1159 958 1253 aperuerlis
988 1160 1265 1254 quibuscumque

262 1271 620 1367 interpretationibus,
648 1272 831 1369 principia,
859 1274 981 1368 quibus
1005 1275 1073 1343 hoc
1100 1269 1265 1367 systema

262 1377 520 1476 superstruitur,
554 1378 714 1452 conferre
747 1383 928 1478 quicquam
959 1379 1069 1474 magis
1101 1398 1263 1471 poterat,

263 1509 365 1582 quam
395 1487 731 1573 animaduersiones,
766 1511 850 1585 quas
886 1489 961 1561 Vra
993 1487 1264 1574 laudatissimus,

261 1599 401 1680 infenlae
418 1601 592 1695 Anonymi
613 1601 809 1695 cujusdam,
831 1600 904 1695 jam
933 1601 1070 1694 quidem
1095 1603 1263 1673 omnibus

260 1709 363 1794 noti,
390 1711 569 1798 censurae,
594 1713 667 1803 pari
694 1709 860 1782 soliditate
883 1733 924 1781 ac
952 1707 1120 1780 modestia
1154 1708 1266 1804 adpo-

260 1821 337 1892 suit.
389 1823 471 1892 Hoc
497 1823 609 1896 saltem
635 1824 817 1896 videbatur
844 1821 984 1911 deelle,
1010 1827 1120 1920 quod,
1150 1846 1263 1918 quum
1292 1862 1294 1869 ·

261 1925 396 1998 Gallico
428 1931 593 2000 Sermone
623 1930 697 1999 lraec
735 1929 838 2003 ellent
866 1931 1075 2025 perscripta,
1116 1930 1261 2002 illorum

259 2052 392 2108 tantum
440 2035 550 2108 usibus
592 2056 776 2133 paterent,
812 2039 870 2132 qui
921 2038 1017 2110 illius
1056 2039 1090 2111 se
1131 2039 1262 2136 lingoae

132 2130 136 2139 ’
167 2170 175 2181 ²
261 2168 331 2219 non
352 2146 623 2236 perrsosmodo,
650 2148 704 2222 sed
728 2147 768 2222 ἃ
794 2149 970 2241 peritiores
996 2150 1259 2245 experirentur:

260 2267 441 2362 pluresque
458 2265 544 2337 adeo
562 2263 719 2360 proficua
739 2267 885 2339 omnino
908 2266 1066 2340 lestione'
1080 2268 1263 2362 privaren-

260 2399 325 2452 tur.
360 2369 479 2451 'Unde
506 2380 607 2451 etiam
639 2381 715 2473 plus
737 2380 837 2454 semel
862 2381 995 2469 doluit,
1024 2381 1148 2475 quod,
1176 2381 1259 2452 dum

258 2493 296 2568 in
313 2492 607 2587 qualibuscunque
628 2494 712 2566 meis
728 2494 1005 2567 Praeleblionibus
1028 2494 1119 2589 Juris
1148 2495 1260 2567 Natu·

256 2629 304 2682 rae
332 2603 370 2675 ἅ
395 2603 580 2692 Gentium,
606 2605 677 2699 ipse
702 2603 916 2700 frequentius
945 2630 989 2679 eo
1012 2607 1178 2680 haberem
1206 2631 1257 2680 re·

254 2720 485 2806 affluendum,
514 2741 584 2791 non
614 2723 732 2812 paucis
759 2716 836 2793 fore
861 2721 979 2795 inutile
996 2722 1254 2818 praeviderem,

255 2830 384 2925 Neque
415 2855 528 2906 tamen
560 2831 594 2903 in
633 2850 785 2905 mentem
834 2853 977 2913 venerat
1017 2832 1257 2931 Metaphrasru

253 2951 461 3040 susciperet
480 2967 550 3019 turn
580 2947 672 3040 quod
704 2945 895 3018 immiscere
932 2969 989 3019 me
1017 2949 1108 3019 ultro
1136 2951 1255 3025 alienis

252 3067 424 3143 laboribus
440 3084 507 3135 non
526 3062 676 3137 luberet:
704 3083 775 3136 tum
793 3063 885 3158 quod
909 3062 990 3135 haut
1008 3083 1144 3136 tantum
1172 3064 1256 3140 faci·

251 3184 286 3257 le
314 3178 491 3273 superellet
514 3178 600 3263 otii3
634 3198 706 3249 tum
730 3179 837 3250 etiarn
867 3180 1044 3266 maxime,
1071 3180 1166 3272 quod
1192 3181 1251 3254 de·

252 3293 462 3375 funllurum*
486 3292 605 3364 melius
634 3289 696 3364 illa
722 3310 828 3386 opera
858 3291 1019 3384 quemvis
1051 3293 1191 3383 alium,
1227 3291 1251 3364 li

253 3408 446 3486 consultum
473 3431 607 3505 quoquo
627 3407 830 3493 videretur,
857 3404 1046 3500 persuasum
1074 3407 1249 3493 haberem.

243 3530 347 3600 ‘Inter
374 3527 449 3598 haec
480 3521 615 3598 acceffit
649 3522 867 3613 Bibliopola,
903 3521 1043 3612 antiquo
1074 3522 1161 3594 milri
1191 3523 1250 3596 usu

254 3644 444 3735 cognitus,
477 3637 677 3710 uehementi
711 3626 860 3730 rogir‘ans
899 3632 1040 3724 studio,
1082 3655 1119 3708 ut
1158 3635 1251 3710 hanc

252 3750 455 3848 adgrederer
474 3745 712 3839 provinciam3
738 3766 936 3840 novamque
961 3747 1048 3818 adeo
1075 3748 1250 3841 Compen-

251 3872 297 3944 dii
319 3870 363 3943 de
388 3863 519 3938 Officiis
545 3863 707 3936 Hominis
737 3861 775 3937 ἃ
798 3862 916 3953 Civis,
944 3864 1042 3958 cujus
1074 3863 1251 3937 incederet

251 3985 412 4080 penuria.
440 3981 633 4054 Editionem
665 3991 897 4074 procurarem.
961 3980 1064 4052 Salva
1088 3977 1251 4051 humani·

251 4124 320 4178 tare
354 4104 547 4200 ptrblicique
577 4099 753 4174 commodi
794 4121 877 4170 cura
913 4099 1069 4179 resistere
1099 4099 1248 4172 tandem

247 4216 358 4314 petito
380 4241 449 4294 non
480 4218 590 4317 potui.
649 4218 730 4292 Istas
763 4217 878 4315 itaque
920 4217 1118 4315 praelaudati
1154 4215 1248 4399 ΕΝ.

292 4339 298 4357 “
1185 4347 1248 4401 AR·
