3034 5509
288 592 394 697 '928'
486 599 628 674 Noun
661 596 723 694 Jo.
759 594 1079 675 Bannnsnacrt
1122 590 1129 603 ’

291 778 382 843 riam,
407 786 469 834 utut
489 775 609 831 maxime
627 773 742 841 utilem,
770 773 903 831 hasieuus
928 790 986 829 non
1009 775 1049 830 ita
1073 775 1146 833 teile
1168 767 1290 850 explici

292 864 349 913 tarn
366 853 483 910 constet.
521 851 736 908 Observandum
751 867 820 920 ergo
837 847 927 906 statim
952 849 1008 915 est,
1037 854 1080 922 agi
1104 862 1288 915 tantummd-

294 931 381 988 dode
396 930 483 1005 gradu
499 925 613 997 irrsiraxus
631 932 659 984 in
675 929 814 993 astionem
836 942 894 980 non
910 942 981 983 vero
1003 925 1140 1002 degrada
1158 934 1289 1002 milicie,

291 1011 339 1079 qui
355 1024 388 1063 ex
409 1007 533 1077 pluribus
557 1005 618 1060 aliis
640 1003 855 1061 circumstantiis
870 1002 1035 1069 deducitur,
1059 1019 1145 1079 atque
1170 1008 1201 1062 in
1220 1026 1289 1067 cata·

292 1086 320 1142 sa
338 1086 428 1139 minus
448 1081 596 1153 principali
619 1086 724 1148 major,
755 1096 840 1153 quam
870 1079 896 1133 in
913 1081 1063 1151 principali
1091 1081 1148 1138 else
1170 1086 1290 1155 poteri:

291 1157 529 1234 quemadmodum
550 1158 681 1230 exemplo
695 1158 818 1213 hominis
838 1156 971 1229 adparet,
991 1158 1040 1230 qui
1066 1157 1189 1216 alterurn
1211 1174 1291 1219 tran·

291 1236 382 1310 quillo
399 1241 495 1292 animo
511 1234 635 1302 occidit,
657 1231 783 1290 indultus
804 1250 820 1289 a
843 1233 942 1298 tertio,
975 1234 1014 1290 ita
1030 1237 1182 1306 impotenti
1209 1255 1290 1295 com·

290 1326 373 1371 moto
395 1309 524 1368 adversus
548 1311 644 1375 iilum,
670 1326 754 1380 quem
773 1306 995 1366 interficiendum
1019 1314 1155 1379 curavit,
1187 1312 1224 1369 ad
1248 1314 1289 1370 ui·

292 1387 450 1447 ciscendaur
472 1400 595 1443 atrocem
619 1387 771 1456 iniuriam,
793 1401 876 1458 quam
901 1383 948 1440 stbi
974 1385 1078 1443 illatam
1094 1385 1290 1450 existimabat.

290 1461 529 1535 Distinguendum
551 1479 636 1537 porro
663 1461 704 1520 esi
724 1463 798 1519 inter
819 1459 927 1538 cffcilus
949 1475 996 1517 aut
1010 1461 1142 1537 sequelam
1163 1467 1291 1526 aetionis·

291 1545 328 1599 ab
345 1543 436 1599 altero
459 1540 620 1597 immediate
636 1550 769 1614 patrata,
799 1536 1032 1609 &produuianam
1054 1540 1166 1596 astionis
1189 1542 1287 1616 ipsius.

289 1617 364 1679 Fieri
379 1620 454 1677 enirn
469 1615 579 1691 potest,
599 1629 629 1672 ut
644 1617 705 1688 quis
725 1613 759 1670 ad
777 1612 892 1671 effetius
915 1627 962 1670 aut
978 1615 1118 1688 sequelam
1134 1617 1201 1690 plus
1216 1637 1287 1676 con.

290 1695 381 1761 ferat,
401 1711 485 1769 quana
507 1691 592 1757 alter,
623 1695 670 1765 qui
694 1691 858 1748 immediate
881 1703 995 1760 patrat3
1018 1707 1070 1746 nec
1093 1704 1192 1751 tamen
1218 1697 1288 1755 ideo

291 1773 409 1830 adsonis
425 1770 505 1826 causa
520 1770 680 1843 principalis
696 1767 762 1825 siat:
784 1781 813 1824 ut
829 1765 848 1823 st
865 1767 927 1839 quis
941 1767 1115 1840 conspiciens
1137 1772 1234 1843 ignem
1248 1791 1285 1830 ε-

291 1849 373 1905 dibus
391 1842 559 1918 suppositum
575 1848 610 1902 ab
625 1843 818 1910 incendiaria,
838 1847 887 1917 qui
904 1842 998 1900 subito
1013 1843 1133 1918 effugit,
1153 1864 1215 1904 non
1233 1848 1286 1906 sta-

290 1928 341 1982 tim
360 1922 527 1979 manifestet.
569 1920 783 1979 sittendendum
805 1935 938 1992 quoque,
960 1934 990 1977 ut
1013 1923 1076 1995 quis
1091 1926 1199 1981 metito
1219 1942 1286 1985 ceu·

292 2000 385 2057 seatur
400 2001 435 2054 ad
463 1998 600 2054 aaronem
624 1997 737 2053 alterius
759 1995 949 2061 concurrisse,
970 1997 1076 2070 aliquid
1093 2002 1284 2071 omittendo,

293 2077 365 2134 haut
377 2073 516 2132 necessum
532 2072 604 2142 esse,
625 2085 656 2131 ut
673 2086 749 2130 certe
773 2074 845 2130 hanc
861 2073 999 2131 aaronem
1023 2076 1159 2148 impedire
1176 2092 1284 2152 potue·

292 2155 345 2221 rit;
368 2152 413 2210 sed
430 2147 570 2216 sufficere,
602 2147 825 2223 saprobabiliter
846 2149 881 2206 ad
897 2148 973 2206 illam
996 2152 1208 2224 impediendam
1231 2155 1282 2211 ad·
1310 2177 1312 2181 ·

225 2236 227 2241 '
290 2229 365 2286 serre
380 2229 487 2302 aliquid
505 2228 641 2284 momenti
656 2226 793 2295 valuerit,
814 2238 900 2300 atque
919 2226 954 2281 ad
975 2227 1031 2283 boc
1051 2226 1120 2286 alias
1136 2232 1286 2289 communi

289 2304 401 2382 aliqua,
424 2305 468 2362 vel
493 2303 628 2376 peculiari
647 2303 823 2376 obligatione
842 2303 985 2360 adstrictus
1006 2301 1100 2362 fuerit.
1141 2306 1213 2365 Hoc
1233 2325 1286 2382 po-

292 2384 363 2447 fito,
385 2384 450 2440 beic
465 2397 515 2455 per
536 2381 670 2454 crustu,
683 2397 889 2438 astuciarum
905 2380 1119 2453 intelligendum
1140 2399 1208 2442 eum
1230 2383 1285 2444 effe

294 2454 430 2522 dixerim,
450 2461 493 2531 qui
502 2457 627 2534 facienda
648 2458 751 2529 aliquid
757 2500 765 2524 ,
792 2461 835 2514 vel
855 2457 1005 2520 amittenda,
1034 2461 1073 2516 itu
1091 2461 1121 2515 iu
1139 2460 1284 2531 cilionem,

291 2540 335 2594 vel
356 2533 508 2611 arnifficncm
528 2538 637 2591 asterius
654 2532 764 2603 influit,
794 2545 824 2589 ut
845 2537 912 2590 citra
931 2534 976 2590 bac
996 2536 1063 2592 alter
1075 2555 1092 2593 a
1104 2533 1187 2608 fade·
1203 2534 1284 2610 ailli-

292 2613 406 2689 nuiffet,
426 2626 472 2670 aut
494 2609 612 2687 rufium
625 2608 743 2686 [πείθει.
794 2610 884 2667 Causa
907 2608 1020 2667 secundi
1041 2611 1168 2679 ordinis,
1196 2631 1284 2690 quarn

294 2689 421 2748 Causam
445 2689 696 2745 Contaminari
718 2701 814 2754 voco,
851 2684 891 2743 est
912 2689 969 2754 ille,
1004 2691 1049 2761 qui
1061 2688 1206 2766 facienda,
1234 2704 1282 2750 cat

293 2768 431 2825 amittenda
456 2765 555 2838 aliquid
579 2767 727 2832 concurrit,
759 2767 935 2837 quantumin
956 2761 1004 2839 sc,
1031 2765 1213 2826 adustionem
1236 2770 1282 2827 acl

290 2840 442 2918 amiffianem
456 2844 589 2908 alteriu53
607 2852 635 2898 at
651 2859 701 2896 non
716 2843 754 2897 ita
768 2834 908 2910 efficaciter
920 2853 1024 2907 tamen,
1051 2855 1080 2897 ut
1094 2840 1216 2920 presumi
1226 2840 1281 2921 pos·

282 2919 337 2996 fit,
359 2924 426 2976 citra
447 2919 491 2974 hoc
505 2921 614 2972 aiterum
636 2936 652 2971 a
664 2915 739 2990 futla
758 2912 931 2987 destiturum,
952 2929 998 2973 aut
1015 2915 1134 2995 amiffum
1145 2919 1284 2992 faciurum

280 2994 379 3074 fuisse.
420 2994 554 3064 Denique
568 2993 667 3048 Causa
686 2994 792 3048 Mtuus
813 2991 1004 3050 tarnenna
1026 2998 1094 3051 mibi
1110 2996 1169 3064 est,
1187 3002 1233 3072 qui
1247 3002 1284 3056 le·

288 3075 360 3130 viter
374 3083 476 3128 tantum
491 3071 520 3124 in
534 3068 657 3126 altionem
677 3071 721 3124 ves
740 3063 891 3142 amiffianem
909 3071 1018 3126 alterius
1030 3067 1138 3143 influit,
1165 3088 1215 3131 aut
1232 3076 1283 3132 ali·

289 3153 390 3224 qualern
413 3147 542 3203 duntaxat
572 3145 607 3201 ad
629 3145 672 3201 boc
694 3145 847 3220 accafianern
873 3148 984 3218 praeben
1012 3149 1051 3204 ita
1072 3164 1102 3204 ut
1122 3167 1206 3224 agens
1221 3151 1282 3225 jurat

287 3229 390 3301 propria
407 3238 476 3281 motu
496 3222 531 3280 ad
542 3222 689 3294 agendum,
704 3224 753 3288 ,vei
768 3239 819 3279 nan
832 3222 978 3297 agendum,
1011 3222 1061 3299 ipse
1076 3226 1282 3297 determinatus,

289 3303 335 3361 boc
351 3315 454 3359 tantum
468 3297 625 3358 accendatur
643 3300 729 3371 aliqua
750 3299 837 3372 mado,
857 3310 903 3354 aut
921 3299 1085 3371 adjuvetur,
1106 3302 1141 3360 ad
1153 3321 1282 3376 exequen.

263 3423 265 3427 a
288 3378 471 3454 dumfaciIius
490 3378 664 3450 prcmptucsvc
678 3387 790 3446 prauum
811 3373 883 3453 suum
902 3374 1064 3450 propcfitunt.
1102 3376 1214 3439 Harum
1233 3380 1283 3441 de.

287 3457 447 3515 finitionum
463 3451 616 3528 adplicatio
635 3454 702 3508 notis
721 3450 899 3525 sequentibus
915 3451 1065 3511 videbitur.

326 3536 383 3607 Qui
395 3536 506 3589 ulcerum
521 3527 701 3604 audacitate]¹
736 3528 843 3594 Ratio,
865 3544 953 3602 quare
971 3531 1033 3601 quis
1048 3528 1125 3608 causa
1145 3535 1283 3608 principa.

289 3615 324 3671 iis
342 3609 375 3667 stt
391 3610 524 3674 aelionis,
544 3623 630 3680 quam
650 3605 768 3662 inferior
783 3607 844 3678 ejus
859 3606 1024 3663 austoritate
1043 3613 1189 3681 patravit,
1211 3623 1283 3684 prac-

287 3689 344 3748 cise
359 3702 417 3743 non
439 3684 496 3748 est,
522 3681 600 3756 quod
623 3682 670 3738 hic
691 3680 774 3756 ipfius
797 3684 916 3756 imperio
936 3680 1040 3752 subfit;
1060 3684 1128 3742 alias
1148 3689 1225 3745 enim
1250 3704 1284 3745 o·

287 3767 364 3826 mnia
381 3762 407 3821 dt
422 3775 597 3835 quacunque
620 3752 787 3817 inferiorum
811 3756 887 3832 gesta
917 3759 1052 3834 superiori
1072 3759 1169 3820 sorent
1191 3767 1288 3838 impu·

290 3841 395 3903 tanda:
415 3853 511 3895 verum
532 3833 611 3909 quod
636 3834 831 3911 supponatur,
853 3848 939 3912 prout
968 3837 1083 3911 quidem
1109 3839 1160 3896 usu
1180 3845 1288 3900 venire·

210 3916 214 3923 ’
289 3919 381 3985 solet,
403 3913 565 3973 inferiorem
591 3910 661 3969 citra
683 3913 846 3971 mandatum
867 3913 1044 3986 Superioris.
1074 3914 1130 3972 tale
1149 3917 1219 3990 quid
1241 3918 1288 3977 ul·

289 4008 340 4054 tro
365 3994 579 4064 cogitaturum,
607 3991 763 4047 autetiam
791 3991 851 4046 adiu
884 3989 1074 4064 suscepturum
1104 4008 1162 4050 non
1189 3991 1290 4056 salise.

288 4070 420 4150 Quilibet
438 4068 509 4126 alter
523 4082 607 4138 ergo,
628 4067 677 4138 qui
693 4068 720 4124 in
736 4068 875 4124 astionem
889 4067 1032 4140 quandam
1047 4068 1096 4126 srbi
1112 4072 1289 4144 equalium,

291 4159 341 4206 aut
364 4161 478 4219 quoque
503 4143 712 4218 superiorum,
737 4143 859 4202 eundem
881 4143 1014 4202 inflatum
1042 4147 1190 4214 habuerit;
1225 4159 1287 4223 pro

291 4221 417 4298 eiusdem
436 4220 518 4282 causa
541 4219 691 4298 principali
714 4222 801 4284 etiam
824 4223 879 4283 hac
899 4224 1012 4286 ratione
1033 4224 1133 4288 habeti
1154 4227 1291 4301 poterit;

1213 4314 1293 4380 quo:

233 4390 288 4436 0⁹:

236 4445 275 4460 η,-
