3034 5509
247 643 321 719 920
442 620 580 716 Nona
611 620 670 715 Jo.
703 620 1011 692 Banatrractt

253 796 340 857 cauis
369 795 452 853 licitis
473 795 517 851 vel
542 791 778 853 indifferentibus.
818 793 885 850 Ello
912 793 969 850 hoc
989 790 1064 850 aliud
1085 792 1167 848 circa
1190 807 1258 851 rem

256 877 373 953 quidem
400 872 534 929 illicitam.
574 872 662 928 Ducit
682 873 742 944 quis
758 887 877 927 uxorem
897 868 1034 938 alienam,
1056 886 1198 944 reputans
1226 869 1260 923 il.

256 953 313 1014 iam
328 951 480 1020 uirginem,
503 960 549 1004 aut
565 947 672 1004 nescius
689 950 785 1004 virere
801 945 892 1004 adbuc
913 947 1060 1003 maritum:
1081 948 1143 1003 hoec
1170 946 1259 1017 igno·

258 1029 350 1087 tantia
374 1026 436 1081 sane
460 1025 543 1095 ipsam
561 1027 600 1080 rei
624 1038 752 1080 naturam
775 1024 910 1097 adtingit,
940 1021 1070 1097 adeoque
1095 1022 1260 1083 ell'entialir

259 1104 311 1162 eli.
352 1102 380 1159 Si
396 1105 418 1158 is
433 1101 537 1158 nullam
554 1102 692 1158 rationem
708 1101 840 1157 habuerit
863 1100 1036 1169 suspicandi,
1058 1097 1135 1155 illam
1160 1097 1262 1156 soeuri-

260 1197 328 1239 narn
348 1181 506 1235 maritatam
528 1177 599 1248 elle,
622 1192 705 1252 atque
721 1179 748 1234 in
769 1179 826 1234 hnc
842 1176 939 1233 debite
955 1173 1145 1250 inquisiverit,
1169 1175 1263 1246 plane

262 1255 429 1314 excusabilis
452 1252 505 1321 ost;
528 1252 636 1310 tametsi
663 1251 778 1310 forsitan
806 1255 865 1322 ejus
886 1250 1009 1310 adfetlus
1031 1255 1069 1308 ita
1092 1252 1277 1307 vehemens.

262 1332 370 1399 fuerit,
391 1345 423 1388 ut
447 1331 521 1387 illam
545 1332 646 1387 ducere
668 1346 839 1405 quocunque
864 1332 950 1386 etiam
979 1329 1062 1385 titulo
1084 1327 1264 1399 c'upiviiiet:

264 1411 327 1469 hec
341 1410 416 1465 enim
431 1406 591 1479 dispositio,
604 1408 783 1479 quantumvis
796 1406 913 1472 viriosa,
932 1421 1026 1478 neque
1044 1404 1079 1460 ad
1096 1405 1263 1472 aiiionem,

265 1503 359 1558 neque
376 1484 411 1539 ad
427 1486 631 1555 ignorantiam,
653 1501 737 1558 quaro
752 1483 945 1542 invincibilem
962 1482 1165 1554 supponimus,
1181 1483 1266 1554 quic·

265 1579 352 1636 quam
367 1563 496 1619 contulit.
537 1559 624 1639 Quod
646 1561 665 1616 sr
688 1576 757 1617 vero
773 1559 824 1615 -vel
847 1562 959 1616 minima
977 1558 1025 1631 ipsr
1046 1561 1154 1616 haeserit
1176 1558 1265 1629 suspi-

172 1650 177 1673 Χ
264 1643 335 1706 cio,
358 1638 499 1699 soeminam
517 1636 590 1694 illam
610 1639 713 1694 marito
731 1637 787 1705 iarn
807 1638 927 1706 jubilem
942 1636 1008 1697 esset
1031 1649 1078 1691 aut
1099 1636 1194 1691 etiarn
1217 1636 1267 1690 de-

263 1717 355 1774 bitam
372 1713 579 1788 inqrufitionenr
601 1713 823 1786 praetermiserit,
843 1730 898 1792 qua
922 1712 1078 1784 intelligere
1100 1726 1150 1768 aut
1177 1710 1266 1784 suspi-

269 1793 327 1850 cari
342 1790 442 1857 facile,
465 1791 542 1866 quod
560 1792 723 1864 ignorabat,
745 1791 894 1862 potuisset:
917 1802 1027 1846 tenetur
1043 1788 1078 1844 de
1097 1790 1152 1845 bac
1178 1790 1266 1857 igno·

267 1870 361 1927 tantia
383 1869 501 1940 ejusque
523 1866 685 1934 effeslibus3
715 1867 783 1922 licet
805 1865 904 1934 forte,
925 1865 1096 1922 conscientia
1119 1865 1264 1920 teneriori

268 1945 456 2010 retrahente,
476 1943 615 2011 ejusmodi
633 1945 804 2001 connubium
818 1943 910 2016 luisset
929 1942 1148 2006 detrediaturus,
1172 1940 1262 2000 srsoe·

265 2023 372 2078 minam
384 2017 457 2074 illam
467 2021 610 2092 pertinere
624 2017 658 2072 ad
669 2018 752 2075 aliurn
763 2018 901 2075 resciiilet.
921 2018 1006 2075 Unde
1016 2017 1144 2090 adparet,
1154 2018 1264 2074 Audio·

266 2100 306 2156 ris
316 2094 526 2158 definitionem,
545 2107 605 2151 utut
615 2094 828 2158 usrtatiffimam,
847 2107 1006 2156 accuratam
1017 2109 1181 2151 tamennon
1194 2094 1262 2155 elle.

309 2172 490 2243 ignoruntium
516 2171 621 2227 nituere
646 2175 754 2244 trequit;
775 2170 820 2245 seri
841 2169 911 2246 &].
948 2173 1015 2228 Sola
1035 2174 1092 2228 baec
1117 2170 1265 2243 posterior

243 2250 437 2325 ignorantie
460 2248 561 2319 species
587 2251 700 2321 proprie
723 2250 912 2305 involuntaria
936 2246 994 2315 est,
1022 2262 1145 2320 aptaque
1175 2250 1264 2320 piane

268 2325 419 2393 excusare,
441 2340 504 2388 curn
523 2341 612 2401 penes
634 2341 686 2382 uua
707 2323 793 2385 fuerit
812 2342 931 2395 cavere,
950 2341 987 2382 ne
1005 2327 1035 2382 in
1057 2326 1176 2384 alteram
1195 2327 1266 2387 inci·

183 2404 184 2407 ’
272 2404 411 2468 daremus.

658 2463 663 2475 “
698 2479 724 2554 t.
759 2481 833 2577 rx.

309 2633 388 2714 Quod
395 2631 447 2706 filtr'
461 2651 509 2690 uon
523 2635 659 2689 tortueuire
671 2632 807 2697 uideturl.
846 2634 919 2691 Due
935 2631 995 2689 sunt
1008 2633 1153 2690 uoluntatis
1166 2629 1264 2689 deter-

219 2755 221 2759 ,
270 2714 460 2772 minati'ones,
484 2726 601 2782 quarum
617 2712 735 2781 primam
750 2711 857 2766 omittit
871 2712 989 2777 Auilor3
1012 2711 1145 2782 adquam
1161 2722 1263 2768 tamen

271 2786 420 2846 attendere
435 2787 510 2844 baud
531 2802 628 2858 patum
651 2786 745 2843 refert.
784 2787 882 2845 Altera
902 2786 942 2843 est
962 2787 1142 2842 determinatio
1161 2787 1199 2841 od
1224 2805 1263 2842 co·

271 2865 412 2943 giraudum
431 2876 477 2918 ont
494 2862 864 2937 judicandum*firnplt‘citer.·
884 2863 993 2930 alteta,
1025 2864 1210 2927 determinatio
1229 2861 1264 2926 od

274 2942 407 3008 agendum
427 2952 472 2992 out
496 2957 545 2992 non
566 2941 696 3009 rugentium
714 2957 761 3012 pro
788 2942 988 3014 cogitatiooilrrs
1011 2959 1041 2995 oc
1061 2940 1178 3013 judiciis
1193 2942 1266 3011 suis.

275 3017 358 3075 Prior
374 3014 412 3069 eli
429 3013 475 3068 ille
492 3014 565 3068 atius
582 3016 698 3078 mentis,
720 3031 779 3087 quo
795 3016 821 3072 se
834 3015 868 3070 ad
886 3030 975 3072 certas
996 3015 1072 3073 ideas
1092 3016 1142 3071 srbi
1160 3032 1264 3072 occut-

275 3102 374 3150 rentes
395 3087 624 3151 confiderandas,
648 3104 775 3148 autnon
799 3091 1034 3156 confiderandas;
1056 3092 1103 3159 dt,
1125 3088 1197 3148 ‘cum
1221 3105 1266 3150 ut·

278 3183 389 3236 cunque
400 3165 459 3221 illas
476 3163 667 3236 contemplata
683 3166 1073 3242 ftrerit,adadquiescendum
1090 3183 1208 3225 autnon
1219 3168 1267 3226 ad-

276 3243 477 3316 quiescendum
492 3244 578 3297 nerui
594 3245 666 3297 inter
685 3260 732 3300 eas
747 3245 772 3300 se
789 3245 937 3314 prodenti;
959 3264 992 3302 ac
1012 3248 1131 3317 denique
1147 3245 1184 3301 ad
1205 3264 1264 3304 eas·

277 3324 360 3387 dem,
380 3335 514 3392 quantum
539 3319 597 3375 sieri
620 3319 736 3391 potest,
759 3322 970 3393 adservandos,
999 3335 1046 3378 aut
1061 3325 1265 3393 removendas

209 3434 211 3439 ,
277 3397 446 3464 determinat
495 3398 591 3472 Quare
613 3413 637 3453 e.
657 3414 683 3468 g.
705 3396 786 3473 Coser
802 3401 829 3455 in
848 3398 929 3473 culpa
950 3399 1006 3464 eli,
1026 3399 1102 3471 quod
1125 3402 1266 3468 Numen,

275 3475 393 3548 dequo
421 3473 489 3529 nibil
514 3490 636 3545 uuquam
659 3475 789 3541 audiuit,
819 3491 877 3531 non
909 3476 1068 3548 agnoscat.
1097 3476 1146 3531 nist
1175 3477 1265 3544 ideo,

275 3552 342 3623 quia
365 3550 403 3606 sui
435 3549 516 3619 ipsius
547 3552 812 3624 iunutntrorurnque
833 3551 882 3609 fibi
911 3554 1041 3625 quotidie
1063 3557 1265 3612 occurentium

275 3628 451 3695 objectorum
468 3628 538 3683 ideis
553 3626 708 3698 perculsus.
732 3646 779 3685 eas
796 3643 887 3684 tamen
912 3628 1095 3701 contemplari
1115 3645 1149 3684 ea
1172 3644 1268 3688 atten-

274 3706 357 3760 tione
371 3704 468 3763 noluit,
490 3719 551 3774 que
568 3703 654 3774 ipsum
668 3703 703 3758 ad
719 3706 912 3775 cognitionem
929 3708 1009 3763 Entis
1029 3704 1146 3773 alicujus
1159 3706 1268 3765 Omni-

274 3780 418 3855 potentis‚
446 3777 484 3834 sui
500 3781 739 3851 'reliquarumque
762 3784 888 3838 omnium
910 3783 995 3854 ipsum
1024 3780 1269 3843 circumstantium

275 3874 371 3916 terum
392 3855 526 3930 tutioris,
548 3853 730 3913 hauddubie
752 3856 843 3915 fuisset
864 3860 1059 3933 pertrai'iura?
1081 3861 1151 3916 Cum
1173 3859 1269 3918 Greci

276 3950 313 3987 arc
334 3933 446 3989 Romani
468 3930 515 3987 sibl
538 3931 763 4002 persuadebant,
787 3935 863 3992 Petri
888 3939 989 3992 licitum
1012 3935 1079 4012 effe,
1100 3938 1192 3990 liberos
1216 3955 1265 3994 ert.

272 4022 386 4083 putrere,
407 4022 453 4064 aut
473 4011 550 4064 etium
570 4027 661 4066 trecate
673 4028 683 4078 ,·
705 4009 831 4068 libertate
851 4013 948 4087 judicii
972 4015 1010 4071 sui
1033 4016 1061 4069 in
1080 4029 1117 4068 eo
1140 4016 1267 4070 omniuo

277 4087 487 4151 abutebantur,
509 4086 586 4158 quod
602 4102 708 4143 temere
723 4106 756 4144 ac
775 4090 843 4144 citra
865 4092 1006 4148 rationem
1027 4088 1097 4146 salso
1119 4091 1205 4146 nexui
1222 4093 1267 4147 ino

275 4173 319 4216 ter
335 4164 444 4230 patriam
459 4159 619 4233 potestatem,
643 4161 844 4222 &facultatem
861 4166 966 4226 liberos
989 4164 1099 4224 necandi
1118 4178 1166 4223 aut
1187 4178 1268 4240 expo-

269 4236 353 4292 nendi
370 4239 596 4302 adquiescerent.
633 4241 739 4297 Omnia
760 4260 875 4316 quoque
894 4241 1026 4314 piacula,
1055 4261 1115 4314 quae
1138 4259 1197 4300 non
1223 4256 1269 4301 at·

183 4340 187 4359 ι
273 4313 359 4391 tentis
374 4310 473 4376 officiis
495 4315 563 4379 alios
585 4319 706 4400 cognitis
718 4360 728 4393 ,
750 4321 984 4395 committuntur,
1005 4319 1072 4380 inde
1085 4318 1270 4400 procedunt,

1185 4394 1269 4472 quod
