3034 5509
339 656 426 710 eurr
448 632 669 708 Antrrtnr.
697 631 775 706 Drt.
799 631 859 724 Jo.
886 634 1107 712 Beneuen.
1149 644 1243 716 1001

257 829 315 875 cus
336 805 551 890 iuriiurando,
570 805 686 888 (cujus
710 821 814 871 tamen
837 806 957 872 Audiui
978 808 1045 894 ipse
1069 813 1250 884 vimineo

260 911 403 978 magnam
416 889 478 956 esse
491 887 637 972 fatetur)
657 889 679 955 fi
697 890 894 954 internorum
909 891 955 956 ibi
971 912 1046 959 cura
1061 900 1146 962 nulia
1160 897 1216 965 esi.

298 1052 463 1113 verosimile
484 1053 546 1122 est,
569 1052 640 1111 hane
668 1055 894 1113 observationem
926 1061 1079 1131 composita
1104 1060 1160 1130 jam
1184 1077 1246 1121 tora

259 1130 385 1204 Epistola
414 1132 525 1188 demum
547 1128 696 1200 adjectam,
723 1131 854 1202 adeoque
876 1132 958 1188 etintn
982 1138 1053 1191 mule
1073 1137 1244 1200 collocatam

258 1207 354 1266 fnisse:
375 1227 438 1268 cum
460 1208 623 1278 interrumpi
644 1205 742 1265 eadem
769 1207 910 1264 ratiocinii
933 1208 1010 1266 iilum
1036 1209 1153 1284 quilibet
1175 1235 1245 1274 con·

254 1284 359 1357 spiciat.
406 1285 530 1341 Temere
560 1280 666 1355 semper
690 1282 820 1356 supponit
847 1284 1035 1354 dopmnus,
1066 1290 1243 1354 internorum

258 1361 343 1417 animi
366 1360 473 1416 adinum
496 1375 606 1418 curum.
629 1375 664 1416 ert
685 1353 817 1416 liuentis
841 1356 996 1431 sententia,
1017 1363 1099 1433 plene
1120 1367 1241 1428 alienam

257 1438 314 1495 erse
331 1455 345 1492 a
361 1435 472 1493 scientia
487 1433 559 1508 Jurr's
575 1434 698 1491 Nature.
739 1435 872 1493 Ceterum
894 1451 965 1491 vero
986 1453 1083 1495 nonne
1104 1441 1243 1512 jusjuran-

256 1513 322 1570 dum
343 1510 522 1568 eisentinliter
544 1512 632 1566 ritum
649 1523 824 1580 externum,
843 1527 923 1583 nque
949 1527 982 1568 ac
1004 1515 1142 1572 internum
1164 1535 1242 1576 cont·

255 1586 408 1661 plectitur?
428 1588 529 1644 Fateor
550 1583 689 1658 quidem,
714 1587 790 1644 ailus
815 1587 925 1644 externi
955 1589 1012 1644 vim
1034 1590 1187 1663 originarie
1204 1598 1241 1652 ab

253 1666 364 1720 interna
378 1660 495 1732 iurantis
511 1661 690 1732 dispofitione
704 1663 836 1733 pendere.
883 1661 931 1720 Ast
950 1679 1135 1739 preterquam
1158 1669 1239 1743 quod

251 1739 300 1797 iiia
315 1737 463 1811 dispofitio
496 1753 532 1794 eo
553 1735 628 1809 ipso,
650 1737 728 1808 quod
744 1739 853 1795 interna
871 1736 919 1801 sit,
941 1739 1102 1799 hominibus
1123 1746 1238 1803 occulta

249 1827 364 1882 manet,
392 1817 495 1884 quibus
522 1829 606 1870 urere
634 1813 713 1884 super
746 1814 803 1870 hoc
833 1814 1043 1885 presumtiones
1070 1816 1239 1890 supperunt:

247 1906 345 1948 nonne
367 1888 400 1944 ad
424 1887 597 1946 servandum
608 1887 827 1959 jusjurandum,
853 1890 926 1946 circa
947 1907 1004 1947 rem
1027 1908 1085 1949 non
1111 1895 1238 1955 illicitam

247 1980 295 2035 aut
311 1962 458 2023 invalidam
477 1963 645 2033 preditum,
665 1963 727 2038 quis
744 1965 864 2022 omnino
879 1965 1038 2037 optigerat,
1061 1968 1109 2025 etsi
1122 1971 1238 2057 jurandi

246 2042 294 2115 ipss
310 2042 432 2099 intentio
448 2036 592 2098 desuerit?
611 2040 647 2097 Et
662 2056 758 2098 nonne
779 2038 967 2110 gracillimum
989 2041 1064 2101 soret
1086 2060 1237 2118 peccatum

240 2119 335 2189 iurare
345 2116 423 2190 super
432 2132 462 2173 re
471 2116 601 2189 quapiam
611 2116 860 2188 illicita‚quarntris
877 2132 928 2174 ore
944 2131 1051 2178 tantum
1067 2122 1234 2194 juraretur?
1257 2159 1260 2163 ·

285 2254 336 2339 *§.
362 2251 407 2317 X.
430 2251 539 2333 Itaque
557 2251 611 2333 qui
628 2250 827 2317 educationis
846 2264 900 2315 auc
926 2251 1136 2322 institutionis
1152 2259 1231 2324 alio·

243 2356 313 2404 rum
338 2355 371 2400 re
393 2333 481 2398 endae
505 2332 690 2414 potestatem
718 2333 835 2410 habet,
858 2332 929 2413 Jme
952 2332 1085 2399 Naturae
1108 2339 1228 2424 obliga-

242 2422 329 2485 bitur
345 2354 521 2481 admenres
534 2414 632 2479 etium
651 2414 811 2497 praeciaris
832 2415 963 2480 monitis
991 2414 1230 2500 informandas,

242 2502 500 2579 curandumque,
522 2513 559 2562 ut
574 2498 702 2562 virtutis
722 2495 946 2573 adsuetudine,
969 2512 1116 2579 tanquam
1130 2502 1231 2569 altera

244 2602 388 2655 natura,·
402 2581 583 2646 voluntates
605 2580 644 2644 ad
663 2578 793 2645 honesta
814 2577 967 2653 ferantur.
1011 2579 1058 2644 Ea
1082 2584 1231 2652 tutisiima

240 2664 443 2755 praecipiendi
468 2663 575 2727 ratio:
608 2681 706 2741 narn,
741 2681 776 2726 ut
807 2661 938 2744 pulchre
958 2665 1117 2730 monitum
1152 2668 1232 2752 (ι)

240 2752 477 2824 Aristonem,
514 2746 581 2827 plus
605 2745 732 2824 poliunt
758 2762 888 2818 mores,
924 2762 1018 2829 quarn
1050 2747 1142 2832 leges.
1189 2752 1233 2818 Et

241 2849 420 2920 quanquam
443 2826 510 2894 fieri
536 2828 651 2910 possit,
682 2843 716 2891 ut
741 2826 854 2908 aliquis
873 2823 926 2906 spe
952 2843 1102 2912 metuque
1121 2850 1231 2914 pravas

242 2915 453 3000 cogitationes
471 2911 682 2994 comprimat,
706 2929 747 2974 ne
767 2925 904 2976 noceant
925 2909 1027 2989 (quod
1057 2924 1161 2980 tamen
1185 2935 1227 2982 ae·

240 3019 295 3084 gre
317 2996 399 3077 fit):
431 3008 622 3058 tamennon
647 2993 784 3070 efficiet,
813 3008 848 3056 ut
870 2991 1001 3073 prosint.
1043 2992 1150 3078 Iraque
1174 3000 1230 3081 qui

239 3102 303 3149 non
328 3079 412 3143 reiie
431 3079 584 3143 animatus
607 3077 688 3154 erit,
718 3074 800 3158 saepe
823 3075 971 3160 peccabit
996 3073 1103 3143 saitem
1130 3080 1231 3147 officii

242 3162 417 3229 omissione.
463 3157 509 3224 Ut
530 3160 609 3226 adeo
635 3159 728 3223 etiarn
751 3176 862 3242 parum
884 3174 950 3224 tuta
982 3174 1036 3225 aut
1060 3158 1164 3227 facilis
1190 3163 1229 3231 stt

240 3242 418 3334 hypothesis
425 3287 437 3323 ,
468 3261 559 3324 quam
582 3241 701 3308 Auslor
723 3239 830 3306 noster
851 3240 1043 3322 constituit,
1065 3246 1162 3309 animi
1181 3246 1227 3312 in·

240 3347 291 3395 tus
305 3325 413 3411 pravi,
432 3323 514 3392 foris
531 3325 664 3392 innoxii.
1144 3365 1150 3376 .

278 3477 345 3534 Hoc
362 3484 433 3526 vero
454 3467 492 3525 est
511 3486 596 3528 unuin
618 3467 724 3539 semper
747 3466 880 3540 idemque
903 3469 1030 3538 referre,
1050 3470 1135 3529 eadem
1155 3475 1244 3532 ulier·-

242 3567 301 3612 rnre
320 3545 420 3606 chorda.
449 3544 630 3619 suspiciantur
641 3545 754 3612 modo,
776 3561 837 3616 quae
852 3548 934 3604 trulit
953 3548 1057 3604 nector
1068 3548 1125 3606 huc
1139 3549 1225 3609 Com=

237 3627 347 3704 pendio
367 3623 411 3680 lib.
434 3620 469 3678 it
490 3635 580 3696 cap3
610 3621 626 3694 i
657 3638 682 3678 2.
704 3619 728 3678 dt
749 3634 795 3696 cup
826 3641 868 3681 tr.
890 3624 913 3697 i.
936 3641 961 3692 4.
983 3640 1013 3682 ut
1033 3624 1114 3697 Opus
1128 3627 1224 3696 Maius

240 3715 399 3765 taceamus,
420 3698 467 3754 nbi
484 3699 573 3756 multo
590 3698 671 3758 indus
695 3698 730 3757 de
753 3698 810 3756 iroc
823 3714 971 3759 mornrnto
988 3700 1060 3776 agit:
1087 3701 1114 3757 dr.
1130 3704 1226 3761 mirari

240 3782 305 3841 sane
328 3773 454 3841 subierit,
488 3777 666 3848 Anonymurn
688 3776 715 3831 in
735 3775 871 3840 levidensi
891 3778 1031 3850 ejusmodi
1053 3774 1157 3855 scripto
1180 3793 1225 3841 tot

237 3868 347 3918 temere
368 3861 460 3908 tamen
477 3854 562 3910 verba
575 3849 759 3924 profundere.

276 3988 326 4075 *§.
351 3985 410 4053 XI.
433 3987 589 4075 Equidem
611 3986 754 4087 laudandi
773 3988 842 4060 sunt
862 3990 922 4057 viri
941 3991 1067 4077 quidarn
1083 3993 1221 4141 erudiltj,

1129 4092 1131 4097 .
1192 4097 1226 4141 u·

268 4189 293 4250 ς.
304 4189 336 4236 x.
350 4189 361 4248 (
373 4192 404 4251 r)
421 4191 477 4250 ipse
491 4180 584 4239 Auster
602 4187 686 4235 noster
698 4189 790 4240 dicium
808 4192 909 4252 aliquod
927 4190 996 4248 irujur
1012 4192 1163 4252 Plrllnsoplti.
1177 4208 1228 4253 quo

232 4253 285 4300 troc
298 4250 419 4312 statuitur,
435 4251 583 4309 retuiirrcul
595 4250 692 4314 enecta
706 4255 760 4305 sunt
771 4255 818 4305 elia
832 4256 857 4305 in
872 4256 937 4308 noris
954 4257 984 4307 ad
997 4257 1026 4323 J.
1043 4258 1076 4309 N.
1096 4257 1118 4308 u
1138 4261 1167 4312 G.
1182 4262 1224 4317 ill.

231 4313 289 4377 VH·
305 4325 351 4384 fate
367 4327 393 4379 90
408 4313 431 4381 ς.
443 4333 468 4386 4,
757 4390 763 4397 ·
862 4355 865 4362 ·
932 4369 935 4375 q
1257 4358 1259 4363 .

722 4378 803 4465 R,tr
819 4397 841 4476 5
1025 4394 1029 4401 ·
