3034 5509
245 579 338 682 958·
400 572 412 637 Γ
438 585 689 698 1ΝοΉΕῚο.
721 587 1045 668 Bruuarrtacrr

251 755 352 838 g'entiae
372 762 548 824 occafionem
569 765 603 823 ad
628 761 799 840 exigendum
821 768 857 824 ab
880 763 939 838 ipso
963 777 1081 821 enorme
1102 763 1257 836 pretium,

253 841 436 900 inhumanum
457 840 555 899 suerit.

293 919 323 977 Si
347 919 452 985 veiint,
479 935 530 974 non
555 915 771 993 prohibeantur}
825 916 887 976 Nisi
917 913 1091 986 magistratus
1127 912 1260 972 definito

254 996 348 1068 pretio
373 992 459 1066 figere
480 997 592 1053 obicem
620 995 796 1068 monopoliis
813 1039 820 1061 ,
840 1007 888 1050 aut
911 991 1057 1050 consulere
1086 989 1262 1048 ira-univer·

256 1069 313 1132 sum
327 1071 532 1131 mercatoribus
549 1089 582 1132 ac
600 1072 776 1132 commercio
795 1068 970 1148 propofituu
986 1067 1129 1127 habuerit.

600 1222 903 1285 CarurXV.

675 1380 699 1455 §.
741 1379 830 1438 111.

300 1531 337 1594 El
354 1551 407 1612 que
420 1537 518 1614 proprie
533 1501 567 1595 ex
581 1531 635 1613 ipso
649 1553 677 1594 re
689 1532 812 1592 mandato
824 1529 1028 1608 profluxerunt}
1047 1531 1126 1611 Quin
1144 1529 1171 1588 dc
1186 1548 1203 1588 a
1217 1549 1264 1590 ca·

158 1622 162 1629 ’
260 1605 333 1669 fibus
348 1614 491 1683 fortuitis,
504 1615 531 1670 lo
548 1631 622 1690 quos
638 1610 840 1687 probabiliter,
857 1609 906 1666 nili
924 1608 993 1666 iilud
1011 1609 1175 1667 mandatum
1194 1609 1263 1666 suis·

260 1683 317 1754 set,
339 1706 397 1747 non
416 1689 570 1750 incidisset:
590 1690 681 1748 veluti
698 1705 721 1747 e.
744 1705 771 1759 g.
792 1684 960 1755 srspoliatus
982 1683 1151 1754 sustinere,
1173 1688 1263 1759 eique

260 1764 557 1900 {gnill}¹²¹?’&³¹i³⁹‘
570 1763 722 1826 necessaria
742 1761 853 1823 ademta
866 1760 990 1830 suerint,
1009 1760 1091 1820 autfi
1107 1761 1263 1836 naufragio

312 1858 365 1900 amr
380 1856 433 1901 erit
473 1860 498 1902 c.

694 1960 857 2065 pru.v

297 2146 335 2206 Er
354 2147 459 2226 summa
492 2166 549 2208 cum
573 2147 713 2224 diligentia
726 2145 749 2223 ].
795 2147 975 2226 Quacumque
1005 2147 1117 2214 ratione
1139 2146 1259 2207 alterius

259 2235 322 2286 rem
338 2226 400 2300 quis
421 2228 449 2284 iu
468 2227 595 2284 matribus
619 2227 734 2291 babeat,
757 2237 805 2280 aut
830 2225 946 2298 negotia
966 2225 1144 2297 expedienda
1169 2225 1259 2284 susce-

260 2304 351 2378 perit:
369 2301 431 2372 J‘ure
452 2303 591 2371 naturali,
611 2300 637 2357 u
671 2300 738 2358 citra
763 2299 838 2371 leges
868 2300 969 2357 civiles
997 2299 1032 2357 ad
1054 2317 1189 2369 omnem,
1211 2318 1260 2358 cu·

258 2379 304 2448 J'us
326 2396 414 2453 capax
439 2377 500 2447 eli,
531 2376 704 2452 diligentiam
733 2373 933 2435 industriamve
955 2376 1028 2433 circa
1051 2376 1098 2435 illa
1120 2377 1261 2436 adhiben-

260 2453 324 2512 dam
342 2468 472 2514 tenetur:
492 2472 634 2529 nunquam
651 2471 722 2512 vero
739 2453 774 2510 ad
799 2452 882 2528 plus,
901 2451 950 2510 trist
971 2465 1078 2511 temere
1104 2453 1131 2510 se
1152 2472 1186 2513 ac
1201 2455 1260 2513 fine

257 2532 423 2590 necestitate
449 2532 569 2606 negotio
598 2530 647 2588 srbi
674 2531 709 2587 ab
738 2532 791 2599 iis,
812 2546 934 2604 quorum
958 2529 1093 2598 interest,
1114 2530 1185 2589 haut
1212 2529 1261 2589 de·

256 2608 395 2666 mandato
418 2607 620 2678 immiscuerit3
646 2618 694 2663 aut
722 2607 923 2664 conventionis
952 2605 1078 2678 expresse
1099 2608 1146 2664 vel
1170 2608 1260 2667 tacite

260 2683 337 2741 irrite
351 2681 461 2741 indoles
477 2683 649 2756 peculiarem
665 2699 737 2740 carae
759 2699 791 2740 ac
814 2681 933 2740 solertia
957 2682 1092 2754 gradum.
1114 2683 1171 2742 sive
1193 2701 1257 2759 per·

261 2761 373 2834 tingere
390 2760 446 2834 ipse
461 2778 498 2817 eo
517 2772 618 2832 queat,
640 2759 695 2816 siue
711 2760 820 2825 minus,
843 2758 984 2833 deposcat.
1005 2759 1139 2834 intelligo
1157 2776 1256 2821 autem

258 2852 313 2912 per
332 2837 499 2913 diligentiam
520 2834 746 2924 industriotnqup‚
766 2836 840 2910 cujus
863 2838 921 2910 quis
942 2848 1025 2908 capax
1037 2832 1092 2911 fit,
1116 2835 1193 2895 illam
1218 2849 1260 2894 at·

125 2977 127 2990 Ι
195 2971 200 2978 x
257 2913 437 2979 tentionem,
456 2931 539 2987 quam
558 2914 584 2969 irr
608 2928 730 2988 proprus
750 2914 808 2985 ipse
828 2914 928 2979 rebus,
949 2927 1019 2985 quas
1041 2913 1129 2971 habet
1152 2912 1259 2971 cariffi·

258 3003 340 3055 maa,
359 2987 515 3044 adhiberet.
558 2987 630 3044 Vide
655 2992 727 3046 circa
751 2989 811 3046 haec
836 2988 942 3061 fingula
963 3004 1052 3046 novas
1087 3002 1173 3046 notas
1196 2993 1258 3050 ade

255 3060 391 3124 Editlomi
407 3063 509 3134 Operis
525 3065 645 3126 Maioris
661 3065 780 3136 adiectas
801 3067 834 3122 ad
850 3067 895 3123 lib.
918 3067 949 3123 V.
969 3076 1024 3137 cop.
1044 3079 1072 3133 4.
1092 3063 1119 3120 dt
1142 3082 1170 3136 5.

299 3138 530 3197 Commodotrrium
542 3137 731 3206 aslimorr‘oaem
751 3143 790 3199 rel
801 3138 919 3216 prostare
930 3138 951 3214 ].
982 3139 1080 3199 Subest
1096 3139 1146 3199 hic
1165 3143 1260 3218 utplu-

257 3215 362 3293 rimum
379 3219 537 3274 conventio
554 3219 656 3286 tacita,
677 3220 703 3274 vi
721 3218 842 3288 cujusad
860 3217 1057 3275 restituendam
1072 3234 1132 3274 rem
1149 3219 1262 3292 ipsam,

258 3304 310 3350 aut
330 3292 509 3368 ptaellattdam
529 3295 588 3362 ejus
604 3294 834 3361 aeilimatiouem,
852 3292 1092 3351 commodatarius
1109 3293 1164 3353 sese
1183 3295 1258 3354 obli·

257 3377 317 3444 gat.
356 3366 445 3436 Vide,
467 3386 528 3444 qua
553 3369 666 3428 dixiad
689 3371 713 3445 J.
741 3371 782 3431 N.
809 3369 837 3430 dt
863 3372 901 3430 G.
926 3372 972 3430 lib.
995 3371 1027 3430 V.
1054 3382 1112 3445 cap.
1132 3387 1159 3445 p
1181 3372 1210 3449 5.
1230 3379 1260 3435 6.

257 3457 313 3507 uu.
333 3462 361 3504 2.
381 3460 409 3514 9.
431 3460 475 3504 10.
498 3461 542 3506 11.
564 3447 625 3505 ada
645 3447 723 3508 Edit.
1098 3491 1100 3499 a

700 3603 726 3678 r.
765 3600 801 3660 u

295 3751 361 3829 Nifl
373 3766 402 3809 eo
416 3747 541 3824 rejlitrrtio
554 3752 653 3810 domino
664 3752 685 3830 J.
725 3753 824 3812 Veluti
847 3772 872 3813 e.
894 3773 921 3829 g.
944 3755 963 3813 fi
981 3756 1030 3830 qui
1044 3756 1168 3832 gladium
1181 3759 1258 3833 apud

258 3846 312 3889 nos
335 3829 481 3902 deposuit,
500 3829 555 3898 jam
577 3830 716 3888 insaniens
744 3845 869 3905 repetat:
897 3847 945 3890 aut
964 3834 1258 3915 deprehenderimus,

258 3924 318 3966 rem
343 3905 495 3976 depofitam
525 3907 663 3980 quaefitam
680 3906 755 3966 surto
779 3907 849 3966 esse:
871 3921 918 3965 aut
933 3908 982 3982 qui
1003 3912 1150 3976 pecuniam
1165 3913 1259 3986 depo.

247 3983 329 4058 suit,
350 3985 425 4042 illam
440 3981 473 4040 su
488 3982 665 4043 adhibiturus
681 3986 715 4043 ad
731 3985 838 4044 bellum
852 3986 949 4060 patriae
965 3984 1145 4046 inferendum
1158 3985 1216 4051 dte.

686 4140 711 4216 i·
743 4142 780 4229 xv
800 4142 824 4199 1.

275 4307 281 4391 ]
296 4287 348 4353 Seu
361 4302 391 4350 ur
406 4302 512 4368 uterque
525 4293 759 4373 contrabentium}
798 4293 913 4373 Nempe
928 4293 1081 4361 secuudum
1095 4295 1169 4360 suam
1185 4296 1268 4357 aelii-'-

662 4404 670 4426 1-
703 4399 706 4405 ·
1196 4390 1256 4438 mr
