3034 5509
243 621 317 745 9³90
376 595 605 716 lirrsrona
631 633 870 713 Canaoxrr
891 605 1121 718 arorrrr'

246 818 433 902 prehendisse.
472 813 634 874 Gratulatus
655 814 725 889 milri
752 810 834 883 sum,
854 828 939 888 aequo
964 813 1064 874 fuitum
1093 815 1179 886 fato,
1213 816 1250 879 ui

246 894 397 969 scriptum,
418 892 453 949 de
470 902 527 963 quo
543 901 610 947 ante
625 890 716 948 ferme
733 890 761 945 ln
783 891 884 949 vicinia
903 907 940 946 ne
954 893 1102 951 verbulum
1122 893 1246 968 quidem

245 976 434 1042 audiveram,
454 966 589 1042 quodque
610 982 699 1026 rarum
724 967 829 1037 pariter
852 981 942 1033 nunc,
964 986 996 1025 ac
1018 987 1115 1040 parurn
1140 972 1247 1044 cogni.

247 1042 306 1121 rura
321 1049 426 1115 luerit,
442 1046 483 1102 ira
499 1042 602 1100 deinde
621 1059 638 1098 e
657 1045 819 1117 longinquo
836 1044 930 1100 adme
951 1047 1130 1115 pervenitlet.
1172 1049 1249 1116 Pro:

249 1127 369 1203 spiclens
392 1125 487 1195 itaque
507 1117 585 1184 fore,
608 1119 855 1194 uteumprndlum
883 1113 1036 1190 Officiarum
1055 1124 1183 1183 Hominis
1207 1121 1248 1194 ὅ

245 1205 322 1264 Civis
337 1217 403 1258 mox
427 1200 527 1255 lterum
545 1192 749 1270 subjiciendum
768 1199 850 1268 prelo
872 1195 1034 1268 innuerem,
1056 1216 1162 1257 novam
1186 1202 1249 1258 edi.

234 1285 355 1343 ¹tionem
374 1288 513 1335 exornare
536 1272 649 1329 censura
666 1272 812 1346 Anonymi
837 1269 950 1342 adicitis
967 1273 1037 1332 meis
1064 1277 1249 1334 animadver-

245 1354 371 1420 sroniuus
399 1346 541 1407 conllirul.
582 1348 698 1428 Quippe
714 1348 771 1407 hoc
793 1347 855 1422 ipso
878 1351 966 1422 magis
990 1352 1136 1426 magisque
1159 1353 1251 1425 adpa-

246 1437 367 1503 iiturum
394 1426 549 1484 cxlllimavi
570 1438 697 1494 notarum
728 1424 827 1499 Opus,
851 1425 986 1499 fiquidem
1014 1444 1073 1485 non
1097 1429 1181 1486 omni
1202 1448 1249 1488 ca·

248 1525 308 1572 rear
325 1521 426 1570 narro,
447 1501 529 1579 quale
545 1501 594 1560 vix
610 1499 779 1575 ultumsane
799 1503 941 1570 extiterit,
965 1504 1059 1571 laltem
1085 1505 1112 1561 ln
1133 1508 1252 1564 univer·

251 1589 311 1647 sum
328 1578 403 1640 haud
421 1577 559 1639 mediocri
577 1575 703 1633 eminere
721 1572 888 1648 prestantia.
928 1581 1033 1654 Neque
1056 1578 1251 1640 diffimutave·

251 1665 325 1726 rim,
347 1673 456 1734 gratum
479 1654 547 1729 ruilpl
571 1652 651 1713 fullle
671 1652 834 1719 consensum
855 1655 1001 1728 Anonymi
1029 1657 1103 1715 eirca
1122 1660 1250 1717 nonnul.

251 1743 298 1810 la,
320 1738 347 1793 ia
377 1737 481 1808 quibus
508 1747 565 1788 uon
589 1728 703 1804 prorius
724 1732 839 1805 placere
862 1732 992 1790 Auctoris
1019 1731 1109 1791 noliri
1132 1737 1250 1806 opinio·

251 1834 323 1885 nes,
342 1815 397 1883 jam
415 1812 491 1886 prius
508 1807 732 1867 declaraveram:
755 1806 829 1864 unde
846 1811 905 1879 spes
925 1822 1007 1868 enata
1027 1809 1082 1877 ert,
1105 1811 1176 1868 mihi
1190 1807 1256 1870 non.

251 1893 364 1948 versum
380 1887 413 1944 iri
430 1886 519 1953 vitio,
540 1883 675 1957 ssquirlem
703 1883 782 1941 istum
800 1885 827 1939 in
850 1885 911 1942 aliis
934 1884 1143 1956 defendendum
1170 1888 1251 1945 luici-

251 1980 359 2044 perem.
400 1960 429 2018 Si
453 1960 579 2017 feliciter
602 1952 879 2017 cellerit‘conliliunr
899 1981 906 2018 :
928 1957 1032 2018 nullam
1065 1962 1132 2018 inde
1154 1976 1252 2022 tamen

252 2039 390 2112 aucupari
404 2037 541 2110 gloriam,
559 2047 606 2089 aut
620 2053 665 2093 me
680 2035 726 2092 vel
744 2035 889 2093 minimum
906 2033 1000 2108 illuliri
1015 2038 1142 2107 illinire,
1164 2058 1255 2115 quent

154 2143 158 2150 .
252 2118 398 2191 egregium
422 2111 540 2184 aliquod
562 2109 636 2170 lidus
653 2110 841 2184 crediderim,
863 2119 1134 2187 exaequareanimus
1153 2116 1252 2176 luerit.

257 2198 354 2276 Quum
370 2187 486 2248 testetur
502 2186 577 2261 ipse,
599 2189 625 2244 se
646 2205 732 2262 opus.
755 2190 834 2261 quod
856 2192 1017 2262 examinat,
1037 2194 1162 2249 amulro
1182 2207 1254 2252 tern-

253 2287 326 2349 pore
346 2282 405 2327 non
422 2263 606 2330 consuluiller
626 2274 658 2321 ac
674 2265 783 2338 reliqua
799 2265 929 2324 ,tutioris
954 2269 1052 2342 scripta
1074 2271 1178 2343 procul
1203 2270 1259 2328 du*

253 2351 304 2408 bio
328 2347 397 2403 haut
419 2342 565 2401 sollicitius
586 2342 757 2417 inspexerit:
777 2344 876 2399 mirum
898 2359 956 2401 non
976 2347 1181 2419 adeo-,fuerin
1204 2345 1254 2418 ipfi

255 2424 316 2484 non
332 2438 388 2481 tarn
404 2418 544 2493 peripeiia
561 2416 637 2476 illius
660 2419 799 2493 principia
823 2417 920 2491 lullle,
939 2437 1023 2495 quam
1043 2423 1128 2488 milri,
1151 2423 1204 2496 qui
1226 2423 1256 2481 in

257 2498 437 2571 explicandis
462 2495 561 2554 iisdem
587 2507 693 2553 rantum
721 2494 865 2553 collocavi
893 2512 997 2572 opere.
1042 2501 1128 2556 Nunc
1156 2502 1255 2572 itaque

254 2575 431 2651 Epitlolanr,
451 2588 510 2629 non
532 2574 672 2629 continuo
692 2571 809 2644 quidem
846 2571 910 2639 filo,
934 2572 980 2630 led
1005 2574 1178 2644 interiectis,
1201 2591 1256 2651 pro

258 2671 291 2712 re
316 2666 405 2718 nara,
427 2650 497 2705 raris
519 2648 795 2715 obseruationibus,
823 2651 951 2707 referam.
991 2651 1057 2708 Nec
1078 2664 1175 2709 tamen
1198 2654 1255 2709 ulla

259 2725 391 2789 construo
407 2725 541 2783 extiterit.
578 2724 691 2802 Quippe
708 2724 838 2796 separata
855 2723 946 2800 lcripri
962 2731 1121 2801 pericopae,
1134 2745 1208 2804 quan
1228 2730 1264 2792 ln,

258 2803 451 2864 remiffiorurr
472 2818 505 2859 ac
525 2801 694 2859 citationum
719 2801 896 2866 facilitatem.
920 2806 1043 2862 numeris
1068 2803 1255 2877 distinguam,

258 2899 318 2940 non
341 2878 475 2935 asteriscis
506 2877 594 2934 solum
617 2876 729 2945 srnaulae
755 2882 947 2948 notabuntur,
970 2880 1015 2934 leri
1037 2882 1192 2950 majunbus
1216 2898 1256 2942 er·

260 2959 317 3016 iarn
333 2955 527 3028 exprimentur
546 2954 637 3026 typis,
660 2957 696 3005 ira
720 2964 751 3009 ut
770 2969 817 3010 eas
842 2954 920 3011 simul
944 2957 1083 3030 colligere
1110 2957 1192 3014 facili
1209 2977 1258 3018 ne·

258 3035 342 3106 gotio
359 3030 501 3103 potuerit,
522 3031 570 3099 qui
585 3026 735 3102 perlegere
756 3043 812 3088 una
826 3030 894 3090 serie
915 3042 1005 3092 totam
1027 3034 1188 3110 Epiliolam
1210 3054 1260 3096 cu·

213 3158 216 3163 .
259 3112 332 3182 piet.
373 3107 417 3164 En
438 3108 619 3174 procamium.

252 3252 255 3259 ¹
301 3260 352 3351 *ὃ
374 3261 409 3358 ¹⁶,
430 3261 561 3358 R⁰gisti
585 3281 649 3353 me=
664 3262 851 3330 sententiam
881 3265 974 3353 (1),
1005 3268 1074 3335 Vra
1102 3257 1267 3356 Sunrnrn,'.

123 3382 153 3409 π
260 3350 294 3417 in
315 3347 410 3412 arnicr
431 3363 584 3430 gruttam,
605 3366 643 3412 an
664 3349 833 3414 commode
848 3352 1075 3436 praelegeretur
1094 3355 1259 3433 juventuti

260 3434 344 3501 liber
369 3428 430 3496 viri
454 3426 509 3494 suo
532 3429 835 3514 quondammeriro
859 3432 933 3516 (α)
953 3436 1172 3516 celeberrimi,
1202 3429 1261 3504 Sn-

261 3532 394 3584 raunrns
419 3510 684 3591 Purnunonnu,
722 3516 817 3596 que'm
848 3516 888 3580 de
911 3516 1029 3583 Officio
1054 3518 1263 3588 Hominis&

189 3604 194 3614 '
262 3597 354 3667 Civis
369 3593 535 3680 inscripsrt.
578 3594 701 3675 Inspexi
727 3615 828 3683 opus,
852 3601 937 3682 quod
958 3621 976 3665 a
994 3601 1098 3666 multo
1115 3618 1261 3687 tempore

260 3700 327 3750 non
341 3676 578 3756 consulueram
607 3679 883 3763 deprehendique,
913 3682 1065 3766 principia
1083 3683 1263 3755 defeitibui

263 3785 329 3849 non
349 3759 470 3845 exiguis
491 3760 646 3826 laborare.
683 3759 803 3855 [Quum
838 3780 941 3833 tamen
965 3770 1121 3850 pleraque
1139 3767 1264 3836 senten·

264 3849 320 3919 tiae
343 3847 374 3910 in
397 3842 559 3927 progrellu
585 3862 649 3911 non
675 3843 845 3912 admodum
871 3849 1036 3935 principiis
1056 3852 1260 3935 colraereant,

264 3948 367 4018 neque
381 3946 424 3994 ex
445 3928 502 4010 iis,
532 3943 682 4013 tanquam
700 3931 821 4011 cauis,
843 3930 1054 4014 deducantur;
1082 3934 1132 4000 sed
1149 3937 1267 4022 potius

395 4038 402 4049 ·
1156 4020 1264 4088 aliun·

297 4186 321 4247 ς.
337 4186 357 4234 1.
387 4187 443 4248 (r)
467 4187 506 4245 ir,
529 4185 559 4234 ad
575 4193 651 4248 quem
667 4183 796 4246 scribitur,
819 4185 945 4249 suppresso
963 4186 1038 4238 erlrrrr
1062 4186 1186 4251 nomine,
1209 4190 1269 4240 brie

267 4245 421 4305 noseorum
441 4250 567 4300 salutatur.
640 4262 660 4303 s

302 4311 362 4374 (2)
391 4312 474 4369 mrjor.
492 4315 571 4387 adhuc
588 4315 644 4380 post
666 4314 735 4385 tarr,
758 4290 867 4376 nomino
884 4313 938 4378 «iun
956 4316 991 4369 ro
1012 4320 1165 4384 celebrum,
1191 4329 1271 4383 quarn

272 4374 533 4445 melerinum.
734 4427 738 4434 ,
841 4386 846 4401 ·
892 4428 895 4447 f
1188 4378 1194 4388 ’
