3034 5509
391 641 472 727 934
600 616 745 692 Norn
778 614 840 715 Jo.
869 612 1196 696 Binurunrcrr

402 797 443 854 uri
458 796 482 873 J.
501 793 538 853 N.
559 792 584 852 rit
604 795 640 852 G.
669 795 716 851 iii.
736 791 759 851 1.
781 803 837 866 rap.
858 798 886 853 ό.
907 791 933 866 i.
958 809 1002 864 ις.
1022 801 1076 849 nrt.
1096 807 1123 849 2.
1145 788 1172 849 ἃ
1193 800 1249 864 cup.
1276 801 1305 862 7.
1328 789 1354 866 ς.
1376 806 1402 863 ς.

403 885 459 934 nvi·
503 911 510 927 .

443 949 473 1005 Sr'
485 889 521 1004 ⁵in
540 964 593 1003 unu
613 942 767 1018 duntaxat]
795 945 848 1003 He
871 944 1054 1003 conditiones
1076 944 1226 1015 respiciunt
1244 946 1405 1019 quaiiturern

408 1037 457 1083 aut
474 1022 655 1098 dispositionem
671 1026 792 1097 agentis,
816 1023 952 1097 abferiam,
966 1017 1069 1095 finem,
1092 1033 1263 1094 ceterasque
1284 1021 1405 1080 astionis

410 1097 629 1174 circumstantius.
669 1101 715 1159 Sic
742 1099 791 1155 ersr
820 1102 893 1157 aetio
915 1099 983 1156 alias
1010 1116 1046 1156 ex
1071 1094 1126 1154 offe
1146 1099 1319 1156 sententiam
1339 1099 1409 1173 legis

412 1179 582 1251 adimpleat:
605 1175 624 1232 fi
651 1193 687 1232 ex
711 1174 812 1232 viriosa
835 1177 996 1233 intentione
1015 1175 1113 1230 eadem
1136 1173 1331 1246 profluxeritr
1358 1192 1412 1232 ceu

412 1272 519 1330 prava,
540 1252 635 1309 saltem
652 1269 747 1310 corum
765 1251 897 1308 tribunali
911 1251 1030 1322 divino,
1045 1251 1178 1321 imputari
1192 1251 1303 1324 potest.
1323 1252 1411 1332 Quod

414 1330 435 1389 sr
458 1346 519 1388 earn
539 1327 603 1401 quis
623 1346 658 1386 err
674 1328 754 1385 cruia
768 1328 883 1397 quidem
899 1329 1032 1395 innoxi23
1060 1339 1163 1383 utnon
1183 1343 1231 1394 ea,
1256 1345 1346 1401 quam
1368 1329 1413 1386 lex

413 1409 551 1478 imperat,
573 1404 717 1478 suscipiam
753 1417 800 1461 aut
820 1420 857 1461 ex
878 1405 1061 1477 ignoranti23
1098 1404 1124 1459 id
1150 1400 1207 1472 est,
1235 1405 1352 1464 nescius
1373 1405 1414 1474 id,

414 1484 494 1558 quod
515 1492 624 1554 patrat,
647 1481 805 1539 convenire
821 1498 885 1539 cum
900 1482 977 1555 iege:
1005 1480 1078 1537 iuius
1101 1490 1169 1536 tunc
1187 1479 1341 1553 supremus
1365 1485 1416 1542 Le·

417 1558 538 1632 gisiaror
561 1556 664 1615 nuliam
683 1559 771 1614 habet
784 1560 947 1615 rationem:
969 1555 1100 1614 incaffum
1115 1554 1207 1614 ustum
1221 1555 1285 1626 est,
1306 1575 1340 1614 ac
1359 1577 1414 1618 rue·

419 1651 455 1695 ro
477 1634 526 1691 suo
547 1633 661 1692 durnuo.
700 1636 812 1709 Nempe
840 1635 941 1693 iterum
968 1650 1051 1690 rorem
1068 1634 1196 1691 tribunali
1214 1632 1333 1695 divino:
1355 1653 1416 1694 num

420 1728 484 1768 curn
506 1723 622 1767 externa
644 1711 736 1782 legum
752 1712 915 1769 observatio
929 1708 964 1767 ad
979 1712 1162 1768 commodum
1175 1709 1345 1777 societatis.
1366 1715 1416 1771 Le·
1443 1742 1444 1747 κ

419 1786 584 1860 gisiarorum
605 1787 732 1846 ciuilium
758 1787 895 1861 scopum,
918 1783 1049 1844 sufficiat:
1071 1786 1100 1844 hi
1121 1784 1158 1845 de
1183 1790 1301 1858 agentis
1329 1789 1416 1848 interr·

419 1864 518 1930 tione,
547 1862 660 1921 bonane
678 1865 798 1922 omnino
819 1881 852 1920 ac
873 1863 998 1935 legitima
1019 1862 1121 1932 fuerit,
1146 1879 1182 1922 en
1205 1865 1322 1929 minus,
1347 1864 1417 1923 haud

420 1922 498 1994 adeo
521 1936 582 1993 sunt
604 1939 715 1996 solliciti
723 1957 733 2007 ‚·
754 1937 843 1996 modo
857 1941 933 1997 astus
956 1939 1085 1999 exterior
1101 1941 1128 1997 in
1150 1941 1178 2000 se
1191 1939 1339 2014 cumiege
1356 1960 1417 2000 con·

421 2013 528 2071 veniat.
550 2012 613 2071 Vid.
624 2017 649 2092 J.
670 2017 710 2076 N.
732 2013 759 2072 ἀ
780 2017 818 2074 G.
837 2017 880 2075 iii.
889 2016 916 2074 1.
934 2029 988 2092 cup.
1001 2032 1026 2088 7.
1047 2018 1143 2093 §.34
1157 2015 1184 2075 ἃ
1196 2027 1258 2090 cap.
1276 2023 1307 2080 8.
1322 2019 1416 2094 §.ep

840 2170 867 2245 i·
906 2172 1008 2230 xrr.

460 2321 513 2382 Seu
527 2325 557 2382 in
575 2322 642 2380 ornni
660 2320 707 2398 re]
735 2322 878 2396 supponit
900 2323 1005 2383 Anum
1026 2339 1203 2399 perperam,
1233 2336 1270 2384 ut
1294 2326 1416 2394 videtur,

423 2418 476 2459 eos
494 2419 611 2469 omnes,
632 2402 734 2473 quibus
752 2401 863 2458 habitus
875 2398 986 2471 justiriae
1001 2401 1164 2459 universalis
1177 2401 1277 2474 deess3
1299 2407 1416 2479 quinon

423 2479 453 2534 in
473 2480 552 2536 omni
573 2494 604 2534 re
617 2474 687 2544 justn
703 2476 837 2534 faciendo
856 2477 1049 2546 deieeinntur3
1073 2494 1217 2551 nunquam
1247 2483 1374 2540 aeliones
1394 2482 1417 2537 in

425 2553 452 2612 se
464 2555 566 2626 iustas,
586 2553 634 2610 nisr
651 2566 769 2626 propter
783 2569 880 2620 poenas
895 2552 1005 2617 lenibus
1019 2554 1147 2612 humanis
1163 2555 1327 2626 adiuneias.
1348 2557 1416 2617 face·

425 2649 469 2690 re.
508 2631 536 2689 Si
563 2630 711 2686 hominum
739 2627 851 2685 indoies
879 2631 955 2686 bene
984 2630 1173 2704 exploretur3
1201 2633 1370 2708 adparebit,
1391 2645 1417 2691 ut

424 2708 589 2767 virtutisne
608 2706 779 2780 proiritutis3
800 2707 836 2762 ita
852 2706 936 2763 eriam
952 2707 1085 2781 nequitie
1107 2724 1140 2764 nc
1159 2708 1301 2768 vitiorum
1321 2711 1418 2783 gradus

426 2785 491 2844 effe.
533 2784 602 2840 Non
625 2798 724 2838 omnes
745 2785 868 2856 quippe,
890 2783 939 2856 qui
963 2800 1022 2842 nou
1046 2785 1151 2857 quovis
1172 2787 1302 2860 respeiiu
1326 2786 1418 2846 virtuti

427 2863 495 2920 dant
516 2875 654 2930 operam,
676 2871 723 2914 aut
742 2873 810 2915 vere
825 2861 909 2931 probi
927 2858 1006 2927 sunt,
1028 2879 1109 2933 aequa
1127 2862 1242 2919 ratione
1259 2863 1417 2937 depravari,

428 2936 562 2993 omnibus
583 2934 659 2990 vitiis
680 2932 785 3001 dediti,
806 2947 853 2991 aut
877 2936 968 2994 eidem
983 2938 1089 3010 pariter
1103 2937 1176 2996 vitio
1198 2941 1356 3016 mancipati
1376 2941 1419 2998 de·

427 3010 651 3087 prehenduntur.
692 3010 832 3067 Homines
850 3009 961 3079 uideas,
982 3014 1048 3084 qui,
1067 3025 1153 3088 prout
1168 3013 1204 3072 de
1225 3017 1316 3076 Galba
1338 3019 1419 3091 impe·

429 3100 526 3144 ratore
542 3085 643 3142 dietum
657 3085 715 3149 eii,
735 3090 821 3163 magis
836 3101 911 3146 exrro
925 3087 1170 3165 uiriusnnr,quum
1183 3110 1245 3152 cum
1259 3095 1419 3158 virtuibus.

431 3165 540 3222 Trcrr.
563 3155 660 3233 Hister.
686 3162 707 3217 Ι.
730 3180 775 3232 49.
796 3182 863 3222 num,
888 3182 914 3236 4.
936 3166 962 3223 ἀ
981 3170 1057 3224 nemu
1070 3182 1171 3243 repente
1184 3167 1247 3242 suit
1266 3164 1420 3246 turpiffinrrs

433 3241 495 3313 &a
532 3238 631 3311 Imque
645 3254 708 3294 cunr
727 3241 811 3297 variis
827 3244 910 3312 piane
925 3242 1018 3301 modis
1034 3245 1151 3314 violari,
1164 3262 1227 3320 quae
1240 3248 1304 3308 aliie
1321 3254 1421 3307 deben-

433 3335 493 3384 tur,
516 3314 634 3389 poffinr:
664 3314 746 3371 frciie
769 3319 901 3383 eveniet,
930 3333 960 3377 ur
984 3319 1050 3377 doru
1080 3325 1144 3397 quis
1165 3326 1254 3384 certis
1279 3325 1358 3384 vitiis
1377 3324 1423 3382 ob·

432 3393 538 3455 noxius
555 3392 609 3455 eii.
630 3409 689 3467 qum
704 3391 791 3463 ipsum
807 3394 840 3451 ud
857 3395 1013 3455 ledendum
1029 3397 1086 3455 hoc
1103 3398 1147 3455 vei
1164 3399 1234 3458 iilud
1248 3403 1294 3474 ius
1311 3401 1423 3460 alterius

434 3470 602 3542 irnpeiiunr3
622 3471 678 3542 ipse
693 3469 727 3524 nir
742 3473 804 3526 aliis
821 3472 897 3530 vitiis
910 3472 945 3530 ad
961 3473 1087 3533 iaerienda
1102 3474 1154 3532 alia
1170 3477 1301 3546 ejusdem
1314 3481 1374 3549 jura
1386 3478 1427 3536 sti·

432 3548 604 3607 muianriirus
619 3546 748 3603 immunis
764 3547 793 3604 fit
803 3550 952 3623 ;adeoque
966 3550 1067 3608 horum
1084 3553 1208 3624 respeeru
1216 3554 1334 3623 juuirrae
1348 3558 1427 3616 etiam

434 3621 582 3700 propofiro
598 3641 630 3678 nc
644 3638 722 3679 motu
738 3623 836 3681 officio
853 3627 903 3684 suo
918 3626 1059 3701 fungatur.
1087 3629 1134 3688 Sic
1148 3645 1174 3687 e.
1188 3647 1216 3704 g.
1236 3630 1333 3693 homo
1350 3635 1378 3691 in
1393 3633 1405 3690 s
1419 3663 1429 3677 ·

437 3701 567 3773 quierem
585 3698 693 3754 inclinis
716 3699 829 3768 serrum,
852 3717 995 3776 concepto
1021 3703 1232 3765 vehementiori
1257 3709 1286 3767 in
1309 3711 1427 3770 niienrm

435 3774 703 3841 emmerammo,
728 3776 773 3845 jus
798 3778 906 3843 mariti,
940 3783 1084 3854 corrumpi
1106 3782 1180 3843 suam
1206 3787 1367 3861 coniugem
1388 3804 1429 3845 ue·

436 3866 519 3919 tans,
539 3855 588 3908 uix
609 3851 821 3910 observaverit:
842 3867 874 3911 ut
899 3855 999 3923 iurari,
1022 3859 1171 3927 occidere.
1192 3860 1280 3922 dolos
1304 3863 1429 3925 fraudes·

435 3932 537 4003 quein
554 3928 741 3986 consimilibus
758 3931 909 4003 adhibere,
932 3936 1048 4006 patriam
1062 3950 1110 3996 aut
1127 3938 1291 4013 Principem
1307 3943 1429 4013 prodere

435 4008 489 4064 iic.
512 4006 602 4063 forinn
621 4005 750 4079 religioni
771 4010 892 4066 duxerit.
931 4011 1073 4085 Equidem
1089 4015 1117 4070 vi
1138 4013 1281 4085 ejusmodi
1307 4018 1430 4078 adfectus

436 4086 584 4156 obremus,
606 4081 623 4140 fi
640 4083 693 4139 niia
715 4085 826 4142 rarione
842 4088 905 4146 voti
922 4105 1042 4163 compos
1057 4090 1115 4149 fieri
1137 4108 1280 4167 nequeat,
1303 4095 1344 4154 ad
1361 4113 1432 4156 com·

433 4159 602 4217 rnrnendun
622 4160 825 4226 homicidium,
846 4164 1004 4225 audendum
1023 4167 1236 4241 proditionem,
1257 4172 1381 4237 aliudve
1395 4191 1434 4250 pr»

430 4236 567 4321 'trandum
584 4235 671 4298 scelus
690 4237 788 4299 induci
800 4242 924 4317 poterit;
947 4260 1046 4307 verum
1066 4243 1129 4308 hec
1151 4260 1304 4310 mnenon
1331 4251 1384 4312 nin
1404 4268 1433 4310 e·

1372 4345 1432 4405 gre,
