3034 5509
357 566 827 695 ''irro.'iiss'³'Cur.
867 615 919 693 ll.
1102 623 1192 708 585t

178 797 323 870 litiosam
341 793 578 867 desertionem.
631 776 691 865 Ob
703 812 819 865 mores
835 811 951 864 autern
967 791 1056 871 maie
1076 813 1170 864 com·

180 895 306 991 posstos
331 892 418 990 (q),
444 892 481 965 tit
506 893 661 988 quicum
689 890 851 963 malitioso
876 890 1067 963 desertione
1088 914 1172 963 eun·

179 997 258 1067 dem
287 1015 356 1064 non
382 991 574 1086 producunt
597 987 779 1077 essedum,
817 988 981 1085 separatio
1006 990 1173 1063 duntaxat

177 1092 291 1188 quoad
317 1090 456 1162 thorum
474 1086 513 1160 ἃ
534 1088 685 1162 mensam
703 1087 792 1159 inter
809 1086 1017 1161 Christianos
1034 1108 1175 1182 recepta

175 1189 249 1275 est,
288 1187 357 1260 fine
387 1185 601 1283 permissione
627 1184 668 1257 ad
691 1185 835 1259 secunda
861 1207 946 1257 vota
968 1188 1175 1261 transeundi.

174 1287 282 1382 Cujus
308 1287 397 1358 inter
420 1285 499 1359 alias
525 1287 629 1360 etiam
652 1282 727 1357 haec
747 1286 834 1357 ratio
854 1282 927 1372 est,
961 1308 1003 1358 ne
1028 1281 1175 1454 faculplas

1145 1407 1173 1458 1·

178 1594 311 1643 tionem&
328 1593 502 1644 educationem
522 1593 659 1644 communis
691 1593 741 1642 rlto
756 1594 845 1654 probat
860 1596 900 1643 cl.
915 1595 1035 1652 Halotus,
1054 1605 1105 1653 prae
1116 1592 1172 1653 illa,

174 1660 286 1707 sobolis:
303 1659 370 1716 quod
388 1662 402 1706 li
425 1671 600 1717 nonnunquam
617 1663 658 1708 ltu·
691 1671 784 1717 quom,
806 1659 875 1713 iuxta
891 1663 998 1720 laxiores
1016 1658 1068 1704 suaa
1087 1659 1132 1705 hac
1145 1658 1172 1705 iu

178 1721 219 1779 jus
235 1721 288 1770 finis
305 1722 468 1783 consecutio,
483 1735 585 1780 propter
600 1736 657 1780 pro·
689 1733 759 1780 parte
778 1723 942 1780 hypotheses,
965 1721 1059 1770 tradidit
1081 1724 1172 1770 Gratias

175 1785 315 1833 oediiorem
335 1785 453 1846 alterius,
473 1788 516 1833 vel
531 1786 658 1846 utriusque
688 1786 883 1844 lib.11.cap.s.
901 1786 923 1846 ς.
938 1788 962 1833 8.
995 1787 1130 1833 Cautttcrr.

174 1847 304 1908 conjugis,
324 1861 436 1908 etatem,
457 1861 507 1896 non
528 1850 656 1907 speretur;
716 1847 774 1908 (a)
797 1850 874 1896 Moru
889 1847 1047 1910 finienda-r}
1079 1850 1171 1908 Perpe-

169 1926 301 1972 quousque
313 1914 371 1960 talia
384 1911 656 1972 coniugia‚praesertim
688 1923 755 1959 tuum
780 1913 873 1960 debere
901 1913 948 1958 else
972 1910 1172 1973 matrimonium,

171 1976 264 2034 prioris
285 1976 402 2034 generis,
432 1973 574 2023 incivitate
593 1981 655 2023 tole·
688 1988 719 2022 ex
739 1974 794 2029 jure
819 1987 912 2023 nature
933 1988 983 2023 nort
1008 1986 1093 2034 patet:
1117 1988 1170 2024 tota

169 2039 219 2094 rari
243 2041 370 2097 debeant,
398 2041 488 2098 Legum
508 2040 655 2095 Conditorea
686 2037 754 2085 enirn
783 2051 868 2103 natura
896 2039 1004 2097 conjugit
1031 2038 1170 2087 absolvitur

105 2104 107 2109 '
169 2103 268 2165 possunt
292 2102 431 2160 dispicere:
468 2115 518 2160 quo
545 2104 654 2152 faciebat
686 2099 759 2159 padio
780 2104 809 2149 ad
835 2105 1017 2160 propagandam
1037 2102 1168 2150 sobolem:

158 2169 230 2212 -olim
252 2179 313 2217 unus
332 2167 448 2213 articulus
464 2165 534 2224 Legit
546 2169 618 2235 Juiiae
631 2168 653 2213 bt
684 2164 783 2223 paetum
798 2178 878 2212 autem
898 2167 928 2211 ad
946 2179 1043 2221 tempus
1051 2165 1107 2212 loiri
1120 2179 1167 2224 po-

143 2281 150 2295 ,
169 2231 264 2288 Papiae:
289 2243 313 2276 at
334 2232 349 2276 ii
373 2231 475 2277 omnino
496 2233 652 2289 tolerentur,
684 2229 746 2288 teli,
760 2228 783 2274 δι
800 2228 854 2276 linis
869 2228 1022 2289 iujuapasti
1035 2231 1097 2277 intra
1112 2242 1168 2276 cer·

170 2293 277 2351 pollulat
296 2294 405 2340 bumanae
425 2294 650 2355 naturaedignitaa,
682 2303 733 2338 tum
763 2293 883 2350 temporie
915 2292 1017 2350 spatium
1050 2292 1166 2343 obtineri.

169 2358 257 2403 eadem
293 2369 322 2404 ea
354 2355 513 2403 saneiimonia
547 2357 651 2413 velari,
681 2352 775 2412 Saepius
791 2366 893 2413 quoque
910 2358 978 2414 pacis
999 2368 1107 2404 externae
1127 2357 1165 2403 io·

170 2431 244 2474 quarn
272 2419 296 2464 in
330 2418 543 2473 conjunctionibus
577 2419 651 2478 magis
681 2417 773 2476 retest,
796 2430 822 2464 ut
836 2418 942 2464 illiase
963 2420 1070 2466 invicem
1087 2419 1167 2466 disce·
1197 2476 1199 2481 ,

167 2481 322 2538 regularibus
344 2481 390 2527 else
415 2483 592 2544 adhibendam,
612 2483 649 2531 su·
680 2481 753 2538 dant,
784 2480 827 2539 qul
848 2483 935 2528 nolunt
956 2483 1002 2529 esse
1022 2480 1163 2536 conjuncti:

169 2559 217 2603 pra
241 2541 398 2591 ostendimus.
446 2545 575 2602 Denique,
595 2557 650 2592 com
682 2554 730 2588 nec
750 2541 873 2590 dissolutio
891 2543 956 2592 istius
981 2543 1047 2602 uadit
1067 2544 1165 2599 Jollitlte

169 2607 278 2654 societas
295 2603 428 2663 conjugalis
445 2605 497 2663 ejus
509 2610 534 2654 lit
545 2607 651 2667 indolis,
682 2616 825 2662 repugnat,
851 2617 899 2663 per
924 2605 992 2662 cujus
1017 2609 1111 2664 regulas
1134 2609 1164 2656 li·

168 2684 195 2719 ut
212 2672 273 2718 lraud
289 2670 362 2716 sacile
377 2668 448 2716 unios
466 2667 597 2729 conjugum
607 2684 651 2717 vo·
683 2669 769 2714 berum
789 2668 823 2714 est
843 2666 942 2726 pastum
959 2682 1044 2718 mutuo
1059 2669 1164 2717 consen·

167 2739 282 2792 lurcare,
310 2736 388 2781 altero
410 2731 489 2780 invito
508 2736 530 2779 dt
550 2737 649 2782 obmur·
682 2731 709 2779 su
734 2729 821 2779 initum
845 2731 926 2780 rursus
950 2745 1036 2782 mutuo
1060 2733 1165 2782 dissensu

120 2822 127 2849 s
166 2809 301 2855 morante,
317 2796 458 2844 conservari
472 2797 558 2854 pollit3
573 2811 605 2845 ne
620 2810 649 2846 ea
680 2795 831 2844 dissolvere:
851 2808 899 2843 nec
913 2809 943 2844 ex
960 2797 1056 2845 ratione
1070 2798 1164 2846 cottilat

166 2860 294 2918 perpetuis
326 2859 536 2908 sollicitationibus
561 2862 651 2909 initae
682 2860 713 2906 de
730 2859 813 2914 aliquo
833 2859 1026 2922 impedimento,
1054 2861 1163 2918 quomi-

165 2924 292 2971 ltoruinurn
321 2923 439 2980 pravitate
465 2925 491 2970 lit
518 2924 649 2986 obnoxia,
681 2935 726 2970 nus
741 2924 796 2971 haec
814 2921 880 2982 pasti
897 2925 1007 2972 conditio
1021 2924 1095 2973 etiam
1106 2937 1165 2982 qua·

168 2998 242 3044 atque
256 2987 353 3033 lubrico
371 2985 441 3039 nimis
456 2986 546 3036 nitatur
563 2990 649 3036 sunda·
681 2987 753 3034 drare
773 2988 863 3034 debeat
879 2986 903 3034 in
923 2987 1020 3046 pactum
1038 2988 1166 3037 matrimo-

167 3060 272 3107 mento,
289 3049 321 3096 ita
334 3049 419 3096 sanciri
429 3050 521 3107 debet,
536 3063 576 3107 ur,
586 3064 650 3110 prae·
681 3049 767 3098 niele·
795 3049 867 3112 Quod
887 3049 918 3097 da
941 3052 1089 3100 educatione
1110 3064 1165 3103 mo·

170 3126 209 3160 rer
224 3125 377 3159 communem
389 3111 515 3171 podiorum
530 3113 594 3162 inter
606 3117 649 3161 lto·
680 3113 735 3160 neri
753 3112 834 3173 solet,
858 3126 913 3160 eam
931 3114 954 3163 in
971 3127 1093 3175 perpetuo
1113 3127 1166 3163 ma·

168 3175 248 3223 attinet
272 3175 387 3229 initorum
414 3179 493 3235 legem
516 3176 594 3238 (vide
610 3179 661 3235 sa,
680 3174 799 3225 trimonio
823 3175 919 3227 felicius
949 3179 1016 3237 poue
1046 3177 1164 3237 institui,

161 3242 265 3308 pralib.
283 3242 302 3287 Ι.
319 3251 366 3300 cap.
395 3241 432 3286 16.
453 3241 475 3301 ς.
493 3253 517 3299 4.
538 3257 585 3288 caat
603 3244 648 3294 ob·
681 3242 786 3297 quamsi
808 3238 977 3294 eius.duratio
997 3241 1162 3299 interrumpa-

158 3302 245 3363 sm.)
267 3315 298 3349 ne
316 3303 414 3359 quidem
431 3303 540 3363 ipsorum
561 3302 647 3361 coniu-
681 3314 736 3359 tur;
749 3303 797 3350 ltoc
809 3302 907 3361 quidem
921 3316 1106 3363 nonnumquam
1120 3316 1165 3351 tte·

164 3379 224 3424 gum
247 3379 331 3413 mutuo
347 3364 485 3427 consensu,
508 3369 579 3415 veli
597 3380 647 3415 ma·
680 3377 734 3417 tum
758 3367 810 3414 esi:
829 3366 925 3424 ,saepius
943 3380 1024 3416 tamen
1048 3367 1167 3415 educatio

165 3430 206 3475 ult
224 3428 324 3476 dissensu
354 3429 423 3488 polilt
445 3431 547 3485 dirimi:
574 3443 648 3490 quam
679 3429 788 3478 feliciter
815 3430 945 3490 procedit,
970 3433 1066 3478 liceta
1094 3440 1166 3488 patre

168 3489 336 3552 sanctionem,
363 3494 452 3540 licam
469 3495 524 3543 Lex
537 3497 585 3543 Der
603 3509 649 3554 po·
681 3495 723 3540 vel
752 3503 830 3540 matre
860 3505 953 3563 rantum
984 3495 1011 3541 fit
1032 3492 1165 3550 lbscepta:

163 3553 234 3613 firiya
267 3566 317 3599 non
344 3556 485 3617 tribueret,
513 3559 649 3606 conciliare
681 3557 782 3614 quando
816 3556 911 3603 scilicet
945 3560 1006 3604 aiter
1033 3554 1165 3614 conjugum

167 3618 292 3689 deberent
306 3616 351 3688 ipsi
366 3620 535 3680 paciscentes,
549 3621 648 3681 padum
681 3631 763 3667 morte
782 3619 893 3668 discedit.
925 3617 1045 3669 Educatio
1062 3619 1164 3679 insuper

167 3681 370 3737 matrimoniale,
393 3695 438 3737 per
453 3686 552 3734 modum
570 3686 650 3747 voti,
680 3697 732 3733 non
754 3684 788 3731 est
812 3685 843 3731 de
869 3682 967 3732 elsentia
993 3682 1163 3732 matrimonii:

165 3747 225 3795 Duo
243 3743 419 3799 nuncupando.
680 3747 790 3809 pertinet
808 3745 892 3805 potius
911 3749 941 3796 ad
958 3748 1038 3796 ollicla
1053 3747 1165 3797 humani·

198 3808 236 3855 Ex
250 3805 366 3855 omnibus
382 3804 463 3865 iraque
484 3807 599 3861 hedenus
612 3814 648 3862 di·
681 3813 737 3861 ratis
759 3822 890 3871 parentum
910 3811 934 3861 in
955 3812 1075 3861 liberos.'
1090 3811 1165 3875 Levi,-

167 3871 267 3930 sputatis
308 3869 426 3941 constat,
460 3873 649 3936 Matrimonium,
679 3886 717 3925 tas
745 3875 909 3923 divortiorum
942 3875 1032 3924 exinde
1059 3874 1165 3923 oriunda

163 3935 234 3994 quod
257 3931 312 3992 ipso
326 3945 381 3988 rure
404 3933 509 3982 naturali
525 3937 553 3982 ad
571 3940 648 3996 legin·
680 3939 719 3987 hic
741 3938 817 3995 objici
839 3938 943 3995 nequit:
970 3937 1077 3986 divortia
1097 3936 1165 3986 enim

165 4009 231 4046 mam
251 3996 352 4045 humani
368 3996 465 4055 generis
492 4001 649 4057 propagatio·
680 4001 792 4067 imitatu
820 4002 924 4049 naturali
955 4012 1053 4047 mutuus
1084 4011 1165 4050 metue

163 4073 223 4108 nem
241 4060 392 4118 requiritur,
414 4060 460 4109 esse
476 4062 530 4108 Viri
544 4078 572 4110 ac
593 4066 649 4110 Ma·
681 4063 879 4122 propinquorum
891 4097 900 4116 ,
914 4064 956 4108 vel
975 4062 1101 4112 amillionit
1119 4065 1166 4113 bo·

165 4125 428 4182 sitriacony'uniibnem,
454 4125 594 4174 individuam
614 4128 650 4174 οὶ·
682 4128 848 4182 notum‚vel
863 4125 969 4173 aliorum
984 4129 1104 4175 malorum
1119 4128 1170 4182 inl·

165 4198 195 4235 re
211 4188 386 4244 conmaradinam
396 4192 541 4237 continentem
550 4207 560 4247 ,-
575 4202 649 4248 quarn
687 4189 813 4248 pediturua
829 4187 903 4234 esset:
930 4191 997 4245 quod
1020 4189 1085 4239 inter
1100 4192 1168 4249 priu-

170 4248 345 4298 definitionem
361 4253 392 4298 ab
404 4253 557 4311 Imperatore
580 4254 654 4300 tradi·
687 4253 757 4310 cipes
773 4264 797 4298 e.
812 4262 835 4298 c.
855 4252 880 4296 in
895 4251 1014 4312 Hetttarco
1029 4255 1072 4314 Ν.
1090 4254 1112 4302 bt
1131 4259 1168 4305 sr-

166 4323 220 4375 pam
236 4312 290 4376 lali.
314 4315 354 4365 lib.
370 4315 392 4366 s.
412 4320 450 4367 tir.
472 4327 495 4376 9.
514 4313 538 4378 b.
558 4330 582 4369 t.-
601 4330 652 4368 me·
685 4326 819 4429 orsmuupp
836 4313 1024 4375 imperatoribus
1035 4318 1170 4430 obserralre
