3034 5509
333 582 671 733 'cundmtttnn
702 633 780 712 Du.
807 630 872 733 Jo.
898 580 1120 714 Batanta.
1169 644 1251 732 999

250 813 330 890 quod
365 811 528 880 interilduo
559 815 681 880 eorum,
709 829 773 887 quae
807 811 899 880 citat,
924 809 1166 888 deprehenditur.
1199 826 1243 878 at.

249 908 307 964 que
334 889 548 946 admirationem
574 890 690 962 quidem
717 890 887 962 deponere,
917 889 1114 962 moderarique
1145 890 1242 950 surro-

248 981 306 1024 rem
334 964 472 1035 iuiiillet:
507 982 609 1037 nempe
643 965 667 1039 i.
701 980 727 1032 9.
766 965 813 1020 ubi
847 964 955 1020 uitertis
986 965 1081 1022 verbis
1110 964 1236 1038 dicitur,

247 1041 449 1118 Jusuururm
470 1042 614 1098 Meduana
634 1043 763 1100 Patrem
784 1043 852 1098 circu
867 1035 1017 1111 surmmrdes
1034 1040 1145 1099 dominis
1158 1043 1238 1100 ruir-

246 1137 291 1175 rtrs
312 1121 453 1175 exteriores
473 1117 573 1191 uersari
599 1116 668 1188 (t).
714 1116 792 1194 Quin
825 1114 965 1183 amulius,
993 1121 1020 1172 in
1051 1135 1109 1175 uno
1132 1133 1168 1174 ex
1195 1119 1237 1176 di·

245 1196 295 1254 ilia
314 1193 375 1267 ipsis
393 1196 426 1249 ab
443 1192 595 1264 Anonymo
608 1193 717 1260 citatis,
738 1204 835 1249 nonne
854 1189 963 1255 aanor
985 1191 1091 1262 tradit,
1110 1193 1178 1252 circi
1190 1194 1237 1272 fo·

243 1287 302 1326 rum
322 1271 458 1333 divinum,
477 1270 511 1325 ad
535 1269 613 1338 qnod
635 1268 708 1324 adius
731 1268 880 1325 interiores
901 1269 1061 1337 pertinent,
1090 1268 1237 1347 Tiertrgie

245 1347 382 1404 illamam
402 1361 471 1399 cure
492 1343 565 1421 effe?
592 1345 640 1400 Eli
660 1363 728 1416 ergo
761 1361 796 1402 ex
818 1341 901 1414 ipius
931 1356 1027 1400 mente
1052 1345 1138 1404 altera
1164 1366 1240 1420 quae·

244 1427 319 1495 piam
336 1421 505 1491 disciplina,
531 1435 564 1475 ac
586 1419 731 1492 disciplina
750 1416 865 1491 quidem
890 1419 1044 1485 naturalis,
1067 1436 1130 1492 qua
1155 1423 1239 1480 inter·

245 1514 347 1553 norum
375 1496 489 1554 iliorum
515 1496 623 1551 adiuum
654 1500 732 1568 leges
758 1513 815 1550 nou
849 1494 976 1568 negligit.
1032 1495 1185 1554 Obseruari
1205 1499 1236 1557 id

243 1588 361 1644 qunque
380 1571 531 1640 debuisset,
553 1571 630 1640 quod
646 1571 729 1628 hauet
752 1571 856 1628 siudior
878 1571 904 1625 in
922 1569 1017 1644 Opere
1037 1572 1142 1641 Maiori
1154 1575 1196 1630 lib.
1211 1574 1236 1632 Ι.

242 1660 298 1721 cap
320 1653 344 1707 8.
367 1649 390 1722 s.
410 1662 436 1704 a.
457 1647 527 1705 dtin
544 1647 602 1722 ipso
619 1648 675 1703 itoc
695 1648 867 1720 compendio
881 1659 936 1718 cup.
960 1661 987 1700 2.
1006 1646 1030 1719 5.
1057 1663 1100 1708 rt.
1123 1665 1166 1706 η.
1190 1650 1234 1707 Ιη.

244 1723 391 1780 dicandum
407 1722 510 1791 suisset,
548 1740 631 1795 agere
650 1724 737 1793 ipsum
761 1725 796 1781 de
812 1720 976 1796 tersunula,
999 1723 1139 1796 variisque
1159 1725 1234 1803 ujus-

244 1799 316 1873 dem·
337 1797 482 1871 specialius
514 1800 557 1854 iii.
579 1799 601 1855 s.
623 1812 677 1871 cap.
691 1813 725 1856 ·r.
746 1801 772 1871 -ς,
793 1815 819 1868 5.
845 1797 910 1873 seqq.
963 1799 1068 1855 Verum
1093 1798 1120 1857 dc
1142 1802 1231 1872 inde,

241 1890 327 1948 quam
351 1872 462 1938 infirmo
475 1875 534 1931 taio
550 1876 664 1934 censura
681 1876 824 1946 Anonymi
847 1879 967 1940 nitatur,
989 1873 1098 1946 liquido
1115 1876 1234 1933 demon·

243 1949 319 2008 sirati
334 1949 434 2021 potest.
474 1948 558 2006 Solus
581 1953 638 2023 ipse
660 1950 775 2008 aelionis
798 1951 914 2019 alicujus
935 1950 1042 2009 Ausiot
1063 1951 1231 2026 dignoscere

242 2025 269 2081 dt
281 2080 283 2084 ,
295 2026 448 2091 dijudicare
463 2036 527 2084 tuto
544 2025 638 2097 valet,
659 2043 693 2082 an
711 2027 875 2084 intrinsecus
892 2025 957 2095 iiia,
977 2043 1056 2098 reque
1077 2044 1109 2085 ac
1124 2031 1232 2086 extrin-

241 2101 319 2158 secus
335 2102 479 2160 moraliter
494 2103 570 2160 iioua
586 2103 643 2161 stt:
663 2104 766 2160 ceteris
784 2102 915 2159 omuibus
932 2103 1011 2174 super
1026 2104 1085 2158 noc
1103 2120 1162 2163 non
1180 2104 1231 2163 nisi

241 2177 361 2241 indicia.
390 2178 659 2250 foederandum,
687 2177 835 2250 suppetere
863 2193 986 2249 unquam
1007 2177 1128 2248 possunt.
1166 2180 1229 2254 Jam

239 2253 390 2308 addiscitur
415 2253 461 2324 Jus
485 2253 619 2318 Natura,
649 2267 679 2308 ut
698 2253 733 2306 de
761 2252 916 2308 actionibus
942 2252 1059 2317 alienis,
1088 2254 1230 2326 aqueae

238 2328 360 2401 propriis
374 2327 490 2399 iudicari
507 2341 609 2398 queat:
629 2325 906 2398 adeoquescitorum
928 2328 1000 2400 Juris
1019 2326 1163 2385 Naturalis
1182 2329 1231 2385 ad·

240 2403 356 2478 plicatio
385 2421 415 2459 ut
435 2401 585 2476 plurimum
609 2402 746 2459 exteriori
763 2401 904 2458 actionum
921 2402 1019 2459 habitu
1034 2403 1119 2460 debet
1135 2406 1232 2464 termi-

240 2479 311 2536 nati.
350 2482 433 2538 Hanc
454 2477 646 2547 adplicatiunem
668 2476 704 2532 ad
727 2477 868 2542 autores,
895 2478 929 2532 ad
943 2483 1069 2550 ‘quarum
1091 2477 1230 2550 sontem,

240 2572 298 2612 non
316 2554 363 2610 nifi
374 2567 421 2628 per
434 2553 553 2631 effedmn
568 2557 675 2630 aliquem
690 2598 697 2620 ‚
718 2569 766 2609 nur
782 2551 888 2628 flgitium
899 2550 978 2627 forat
995 2553 1161 2626 prodiretur,
1181 2575 1229 2627 pe·

239 2645 352 2687 nettare
368 2633 452 2689 licet:
476 2631 538 2697 tila,
567 2635 640 2688 eirca
659 2647 713 2705 que
724 2628 817 2706 forum
837 2629 975 2688 humanum
992 2644 1133 2703 occupatur.
1170 2634 1232 2690 Au·

237 2707 317 2775 dior,
339 2719 424 2779 prout
440 2707 566 2764 ea'dieiit
588 2709 651 2780 ipsis
674 2708 739 2764 lreic
754 2707 789 2763 ab
807 2707 961 2778 anonymo
983 2708 1075 2764 citatis
1100 2707 1226 2775 constat.

236 2781 322 2840 habet
340 2783 490 2856 propofitr.
525 2783 640 2851 -s‘nrro,
674 2799 770 2840 norme
792 2782 865 2838 circa
887 2800 935 2850 ea,
956 2800 1018 2856 qua
1039 2781 1171 2840 homines
1188 2785 1229 2842 in·

238 2861 329 2915 vicem
346 2860 477 2934 exigendi
491 2857 541 2930 jus
558 2861 678 2925 habent,
699 2859 848 2916 maximam
870 2860 1037 2916 naturalium
1053 2859 1145 2931 legum
1166 2876 1230 2932 pat·

237 2944 294 2990 tem
313 2937 402 2996 verti,
432 2937 459 2992 in
484 2934 611 2993 confessu
626 2935 695 2992 eil?
722 2937 762 2994 At
777 2951 834 2992 non
858 2934 930 2991 ultra
953 2934 1041 2993 atium
1056 2937 1229 2996 exteriorem

238 3008 309 3066 iilud
321 3011 370 3085 jus
389 3013 415 3068 se
430 3011 572 3070 extendit:
593 3013 641 3070 ubi
654 3013 718 3086 quis
734 3013 791 3068 noc
804 3009 925 3083 respediu
941 3027 1027 3068 omne
1041 3008 1086 3079 id,
1102 3011 1136 3068 ad
1148 3012 1228 3088 quod

237 3089 412 3153 tenebatur,
446 3088 628 3160 praestiterit:
653 3088 835 3162 qtrantumuia
860 3087 976 3144 titinius
1003 3088 1077 3146 adius
1107 3088 1228 3146 interior

236 3153 285 3227 stt,
314 3180 399 3221 nemo
421 3164 571 3238 quitquam
591 3165 711 3238 amplius
732 3164 818 3220 habet
841 3163 1055 3235 postulandum,
1075 3180 1169 3234 neque
1184 3181 1229 3221 re·

237 3253 303 3294 vera
325 3241 474 3312 quicquam
497 3240 615 3310 amplius
631 3244 768 3303 detectura
789 3236 837 3295 elsi
858 3239 932 3299 sorte
957 3242 1068 3297 interno
1085 3240 1227 3303 adilonis,

237 3329 293 3386 qua
308 3315 451 3387 expletum
467 3313 507 3372 est
529 3317 572 3386 id,
592 3315 671 3389 quod
687 3315 861 3378 debebatur,
882 3314 1022 3385 principio
1037 3312 1143 3387 aliquid
1166 3329 1228 3384 pra·

237 3388 267 3445 vi
294 3406 393 3445 corum
417 3391 548 3448 tribunali
568 3390 683 3456 divino,
711 3406 744 3446 ac
765 3389 885 3458 propria
904 3389 1102 3458 conscientiae,
1133 3389 1225 3446 autra-

235 3464 309 3523 setit.
347 3466 411 3521 Hoc
428 3464 565 3532 judicium
582 3466 735 3532 unicuique
753 3463 829 3520 circa
841 3465 969 3536 proprias
986 3463 1112 3520 ustiones
1126 3462 1220 3522 feten-

236 3540 324 3611 dunt,⁴
342 3555 371 3597 ut
386 3546 474 3596 bonas
492 3539 546 3598 elle
563 3539 624 3597 illas
638 3540 719 3597 omni
738 3538 858 3598 nomine
880 3556 912 3596 ac
929 3539 1059 3596 innoxias
1076 3551 1157 3597 cetto
1174 3537 1225 3611 ipsi

236 3615 361 3683 constet,
385 3616 492 3675 aanor
508 3614 575 3692 Jute
594 3613 725 3675 Naturali
746 3632 805 3672 non
825 3614 968 3681 cacumin
994 3615 1145 3675 abeodem
1164 3629 1231 3673 tan-t

236 3702 296 3748 turn
316 3691 343 3748 in
364 3689 553 3765 adplicatione
576 3691 707 3750 scitorum
725 3691 937 3769 Juris'Naturu
959 3687 993 3746 ad
1015 3690 1166 3766 fingulares
1180 3709 1226 3748 ca·

234 3768 294 3900 ἰυιε,
316 3768 343 3824 in
359 3767 559 3902 εὲῐᾶίῑάῧζεηάι
579 3767 764 3844 peculiarium
785 3766 978 3842 cujuscunque
1000 3767 1142 3828 allionu'm
1162 3784 1225 3831 uto·

233 3853 375 3911 eattatea
421 3861 449 3902 ta
473 3857 502 3902 tt.

246 3968 324 4088 ''¹‘§.
347 4002 435 4071 Vlll.
458 3982 678 4072 Platonicorum
694 4005 929 4090 Stoicorumque,
949 4001 1048 4072 immo
1067 4003 1224 4159 ἀΡοΞεεῧ

1170 4108 1187 4154 u

244 4226 285 4318 ῖς.
304 4255 360 4305 vit.
382 4260 414 4323 (t
427 4258 441 4322 )
454 4253 538 4315 vide,
563 4268 617 4316 qne
635 4255 694 4308 dicit
712 4255 809 4306 Audiet
824 4254 850 4304 in
872 4253 917 4306 sun
934 4236 1053 4319 specimine
1066 4254 1226 4321 mammeri&

230 4334 284 4377 m
297 4319 407 4398 ἔξεισι).
422 4335 448 4387 4.
464 4318 488 4386 d.
507 4333 545 4386 ¹9·
562 4323 585 4373 dr
601 4325 685 4374 incunt
703 4320 768 4373 inira
781 4319 939 4372 referendum
953 4322 983 4372 ati
999 4318 1022 4383 β.
1038 4333 1080 4374 ιι,
1244 4330 1247 4345 ’

737 4393 859 4481 Ritu
