3034 5509
370 612 445 713 964
548 596 555 609 ’
583 604 737 684 Norru'
760 605 826 704 ]ο.
854 607 1202 684 Barrrrrttcn·

377 809 459 860 eum,
482 785 531 863 qui
553 784 670 859 proprio
686 783 752 842 ausu
778 784 917 852 chartam,
940 783 1064 841 tabulam
1084 792 1133 839 aut
1156 780 1317 840 linteolum
1343 782 1391 840 ce?

382 873 443 947 pit,
464 862 645 928 erillimalic,
667 860 885 935 proprietarium
909 877 967 918 non
988 857 1139 916 difficulter
1160 855 1388 927 consensurum

383 940 533 1023 prasertim
553 937 676 995 rellituta
700 937 749 994 stlri
769 934 829 1011 pari
854 935 981 1006 ejusdem
994 936 1114 1010 ‘generis
1132 933 1315 1008 quantitate,
1341 949 1390 993 aut

384 1039 444 1091 ejus
466 1015 670 1073 aestlrnattone:
697 1016 830 1087 adeoque
851 1011 997 1070 vindicare
1022 1012 1072 1071 libi
1098 1011 1148 1068 ilie
1173 1011 1391 1083 proprietarius

385 1103 570 1168 lctrpturatu,
590 1107 636 1147 aut
657 1091 814 1162 pielurttu,
841 1107 899 1147 non
920 1090 1036 1162 poterit.
1076 1103 1102 1144 2.
1132 1085 1214 1160 Cttjus
1241 1090 1285 1144 rei
1318 1088 1392 1162 utije·

387 1172 454 1230 &uto
471 1169 567 1240 aliquid
579 1169 661 1224 alieni
673 1164 725 1236 eil,
745 1185 775 1226 uc
790 1169 930 1237 coelitum,
949 1165 992 1221 uel
1007 1167 1134 1222 innocenti
1154 1165 1214 1238 ejus
1232 1162 1335 1241 iffae,
1358 1163 1392 1222 ed

386 1266 457 1325 quem
467 1246 631 1320 pertinebat,
647 1241 742 1315 folle,
764 1246 808 1301 vel
822 1248 891 1302 citra
918 1243 1000 1301 ullum
1024 1240 1135 1314 ejusdem
1147 1239 1272 1324 sallum,
1296 1244 1324 1299 ei
1353 1259 1392 1299 ce·

386 1324 571 1397 rerisparr'ltts
592 1331 655 1393 epus
681 1323 724 1378 uel
747 1333 894 1378 concretum
920 1319 979 1377 inde
999 1315 1127 1394 resultans
1155 1318 1294 1393 Mereleit.
1340 1320 1393 1377 Ut·

385 1403 540 1477 plurimum
559 1399 634 1453 enirn
656 1399 685 1454 in
707 1414 762 1466 eo,
783 1402 832 1471 qui
845 1399 973 1465 ertavit,
987 1394 1094 1469 aqutrid
1119 1397 1159 1454 est
1181 1397 1392 1468 negligentia:

387 1479 414 1536 ἃ
438 1474 566 1550 quamvis
589 1475 624 1528 ud
646 1474 883 1533 commixtionem
908 1472 965 1547 ipse
993 1473 1062 1530 nihil
1095 1475 1179 1547 piane
1200 1472 1390 1541 contulerit3

388 1554 410 1613 st
431 1556 563 1612 damnum
588 1550 653 1611 inde
675 1552 857 1624 experiatur,
879 1549 993 1607 alterius
1023 1565 1116 1606 tamen
1144 1547 1229 1620 culpa
1253 1565 1319 1606 non
1343 1549 1391 1606 ell.

390 1631 437 1702 Sic
456 1648 481 1687 e.
502 1646 529 1703 g.
550 1625 573 1693 sr¹
586 1625 708 1685 avulsum
723 1639 804 1684 tettae
819 1625 984 1700 particulam
1001 1627 1095 1682 vicino
1112 1641 1181 1698 agro
1201 1640 1278 1698 aqua
1304 1625 1393 1698 adpo·

388 1705 491 1765 ssterit:
512 1703 645 1762 dominus
664 1704 724 1777 agri
746 1703 891 1760 vindicare
912 1701 962 1760 srbi
984 1702 1058 1760 illam
1081 1698 1195 1777 potest3
1225 1700 1279 1759 nili
1300 1702 1388 1769 alter,

389 1786 425 1842 ad
442 1798 526 1856 quent
541 1779 717 1855 pertinebat,
740 1796 808 1836 mox
824 1779 981 1838 retraxerit.
1020 1780 1082 1836 Nee
1100 1791 1213 1835 tenetur
1228 1778 1313 1849 prior
1326 1777 1393 1835 huic

391 1860 514 1936 pretium
529 1854 671 1930 portionis
685 1869 766 1913 terre
780 1871 848 1927 agro
866 1855 916 1912 luo
929 1857 985 1925 jrm
1008 1855 1137 1912 haetentis
1158 1857 1304 1927 pendere:
1326 1870 1394 1912 cuur

390 1937 501 1994 nultum
523 1932 587 1989 inde
608 1931 715 1997 lucrum
737 1933 851 2006 capiat.-
871 1931 939 2005 quitt
964 1932 1131 2004 contingere
1151 1927 1276 2005 potest,
1296 1943 1328 1988 ut
1345 1929 1393 1986 de·
1438 1942 1439 1948 ’

392 2012 529 2068 ttimertto
553 2008 609 2064 hoc
631 2005 680 2078 ipsr
700 2007 758 2074 fit,
784 2007 819 2063 ad
842 2007 920 2080 quod
944 2018 1038 2068 tamen
1062 2007 1236 2082 pensandum
1259 2009 1393 2078 antiquus

393 2084 536 2163 particulae
551 2079 780 2163 terrae'dontt'nps
799 2099 858 2139 non
876 2083 1029 2157 obligatum
1054 2088 1189 2158 quoniam
1212 2086 1239 2142 ei
1264 2083 1392 2150 caulam,

391 2173 480 2238 prout
500 2161 707 2233 supponimus,
729 2176 787 2217 non
811 2160 940 2232 prebuit.
978 2163 1086 2221 Verum
1111 2161 1130 2218 fi
1156 2178 1183 2219 e.
1210 2176 1238 2235 g.
1269 2160 1394 2218 alienum

395 2240 461 2313 quis
476 2253 572 2310 agrurn
588 2236 665 2292 buna
687 2236 742 2293 lide
765 2235 940 2294 conseverit:
962 2236 1011 2312 ipli
1032 2237 1164 2298 dominus
1191 2238 1251 2308 agri
1273 2238 1395 2310 pretium

395 2315 509 2375 seminis
523 2329 554 2368 ac
570 2329 664 2385 opetae
683 2311 717 2369 ad
743 2314 890 2384 serendum
913 2315 1046 2374 adhibite
1073 2329 1187 2374 tenetur
1209 2315 1397 2388 persolvere:

397 2391 536 2467 quoniam
551 2389 657 2449 lucrum
674 2404 709 2446 ex
729 2405 766 2447 eo
781 2388 831 2463 lpfi
846 2390 971 2454 accedit;
986 2391 1036 2449 nili
1050 2391 1186 2449 nobiliori
1202 2407 1306 2464 agrum
1323 2391 1401 2448 luunt·

393 2469 518 2536 semini,
539 2481 586 2522 aur
604 2467 643 2523 rel
659 2465 761 2537 alteri,
781 2467 917 2537 majorem
933 2481 1106 2541 proventum
1128 2466 1262 2537 editurae,
1280 2467 1399 2525 destina-

398 2547 483 2603 verit.
525 2561 550 2614 3.
571 2543 602 2600 Si
628 2545 709 2599 unius
728 2561 771 2600 res
790 2557 836 2600 eut
856 2555 928 2618 opera
941 2542 1104 2620 fitossr‘unem
1125 2546 1261 2618 recipiat,
1289 2545 1399 2604 alterius

399 2638 461 2681 veru
474 2622 580 2690 minus3
598 2638 643 2677 ore
662 2622 715 2676 ullu
729 2623 851 2697 utrinque
868 2624 937 2678 mule
951 2618 1023 2696 fides
1047 2624 1239 2681 intervenerit:
1261 2624 1308 2693 is,
1327 2621 1402 2696 cultu

398 2718 444 2758 res
459 2694 526 2771 ifle,
544 2709 592 2753 eret
606 2694 741 2771 operaest,
761 2712 861 2771 receptu
877 2701 930 2756 ulia
942 2701 1018 2773 pierre
1035 2702 1124 2776 tequell
1145 2698 1261 2774 ejusdem
1276 2701 1399 2776 generis,

401 2788 449 2836 eut
470 2777 525 2849 ejus
551 2768 730 2847 estimatione,
751 2775 823 2833 delet
848 2774 1015 2851 adquiescere.
1062 2779 1127 2838 Nec
1147 2778 1223 2834 enitrr
1243 2772 1401 2849 posteriori

393 2865 468 2912 tunc
491 2850 641 2928 quicquum
669 2850 850 2911 dettahltut:
876 2859 943 2912 dunt
964 2856 1047 2912 alteri
1068 2853 1224 2928 aliquando
1244 2854 1402 2927 plurimum

398 2931 493 3002 pollet
514 2928 668 2994 decedere,
692 2929 779 2986 immo
801 2929 909 3002 semper
930 2930 997 2987 inde
1022 2930 1199 2998 decederet,
1228 2930 1313 3002 quod
1335 2929 1402 2987 locu

400 3006 446 3063 rel
469 3003 521 3060 sure
543 3016 592 3060 aut
614 3018 707 3076 opere
728 3003 797 3060 nihil
820 3003 896 3062 foret
916 3008 1128 3067 consecuturus.
1166 3007 1246 3065 Hinc
1269 3008 1301 3064 vi
1318 3007 1403 3076 liujus

401 3072 545 3154 principii,
562 3081 682 3152 plantam
702 3093 749 3138 aut
765 3093 859 3139 centra
880 3080 1000 3142 domitto
1009 3087 1060 3164 soli
1083 3085 1173 3143 solent
1198 3081 1323 3142 cedere:
1345 3082 1404 3140 eila

404 3169 453 3214 atrt
472 3154 573 3233 scripta
595 3157 637 3224 ei,
667 3157 716 3229 qui
740 3157 825 3224 fecit3
846 3175 905 3216 nota
927 3178 999 3218 veto
1020 3163 1075 3231 ei,
1103 3163 1180 3231 cujus
1204 3159 1306 3217 charta
1343 3160 1405 3219 fue·

404 3244 465 3293 rat:
481 3233 584 3306 pluma
604 3235 714 3308 pilitri,
736 3251 794 3292 non
818 3236 937 3294 domitto
957 3239 1052 3295 tabule
1078 3250 1126 3294 aut
1146 3237 1247 3296 linteoli
1257 3251 1270 3291 :·
1280 3235 1406 3314 flgillttnt

406 3313 451 3378 ei,
473 3314 520 3384 qul
536 3311 660 3386 sculpsit,
679 3324 726 3369 aut
742 3310 920 3385 scalpendum
937 3315 1044 3371 curavit
1061 3312 1117 3371 &ct
1153 3316 1264 3372 Verum
1288 3314 1348 3389 pati
1366 3330 1407 3370 ta·

405 3388 511 3457 tione,
525 3389 544 3446 fi
560 3388 727 3461 proletarius
742 3388 843 3463 aliquis
860 3390 949 3465 piclor
969 3391 1099 3464 pretiose
1117 3406 1149 3446 ac
1170 3388 1275 3447 rariori
1302 3389 1405 3449 tabula

411 3466 459 3521 vel
482 3466 587 3536 linteo,
608 3465 643 3523 ad
658 3482 701 3522 me
717 3467 889 3536 pertinenti,
911 3469 1001 3541 inepti
1017 3469 1084 3540 quid
1103 3467 1242 3530 illeveritt
1265 3479 1316 3525 aut
1335 3465 1357 3524 li
1375 3465 1404 3521 iu

409 3558 520 3614 gemma
541 3559 602 3600 mea
617 3540 724 3619 aliquid
739 3542 771 3600 stt
783 3542 961 3620 expressum:
982 3543 1088 3602 restitui
1109 3543 1178 3604 utiltl
1195 3544 1326 3604 tabularu
1346 3558 1404 3604 me

408 3633 469 3687 am,
491 3616 633 3694 linteum,
651 3631 699 3678 aut
714 3636 872 3695 gemmam,
891 3638 1001 3698 aequuut
1015 3620 1109 3680 fuerit.

806 3775 832 3852 t.
871 3777 1005 3836 vrrr.

449 3931 522 3990 inter
536 3932 595 3989 illes
608 3943 779 4012 numeramur
793 3924 979 4007 referserunt}
1009 3927 1181 4012 Usurfrttlitts
1201 3930 1240 3991 e'st
1251 3931 1296 4002 jus
1311 3930 1406 4006 grates

410 4009 487 4082 (hoc
505 4009 609 4066 enimin
627 4011 758 4069 omnibus
770 4008 910 4081 ejusmodi
922 4010 1064 4078 juribttsrn
1080 4011 1237 4069 resalienas
1247 4009 1408 4080 supponem

412 4089 498 4140 dnm:
518 4085 586 4143 allas
611 4086 716 4158 specics
741 4080 898 4144 contraiilis
927 4086 1013 4145 iocati
1034 4082 1295 4160 condul'ti'fuerit)
1312 4085 1406 4141 aliene

410 4176 443 4217 re
467 4163 561 4218 tuendi
587 4163 697 4221 fruendi
726 4165 773 4221 seu
791 4181 877 4220 omne
895 4164 1134 4230 emolumentum,
1155 4165 1235 4236 quod
1251 4162 1408 4238 provenite

411 4233 479 4292 iude
495 4240 604 4308 potest,
626 4241 817 4320 percipiendi,
838 4240 912 4298 salva
925 4240 1006 4312 ipfius
1021 4240 1060 4296 tri
1076 4238 1233 4298 substantia.

450 4307 548 4390 Usus}
588 4315 636 4387 ld,
656 4319 736 4391 quud
749 4318 869 4389 Artior,
885 4333 920 4376 err
934 4316 1137 4394 jureconsultis
1155 4316 1316 4388 Romanis,
1337 4335 1408 4391 quc-

405 4413 408 4419 '
761 4406 764 4415 '
809 4406 872 4435 ··⁴
1302 4447 1304 4451 .
1351 4408 1412 4453 rum
