3034 5509
378 614 455 726 '9'48
576 618 722 703 Norn
754 621 818 720 Jo.
849 621 1159 702 Bendrrn‘re'r't

701 799 1052 905 anunVIII.
1132 816 1138 832 ·

839 952 864 1025 o.
901 953 922 1011 1.

428 1098 569 1190 Quantum
590 1100 711 1165 commode
725 1102 822 1180 petest,
840 1119 986 1181 promouent
998 1105 1019 1181 ].
1059 1106 1125 1167 Hoc
1142 1105 1271 1166 officium
1293 1108 1388 1183 imper-

391 1183 489 1261 seuam
508 1199 615 1244 tanturn
632 1187 813 1260 obligationem
827 1184 958 1261 imponit.
989 1183 1065 1244 Vide
1085 1183 1164 1261 stupra
1180 1195 1238 1258 cof.
1254 1201 1282 1242 2.
1295 1185 1324 1259 5.
1344 1203 1394 1258 ¹4·'

396 1276 448 1324 nor.
471 1280 496 1321 r.
831 1326 834 1331 ,

810 1337 835 1412 r.
873 1339 886 1396 1
906 1338 961 1398 11.

439 1493 476 1551 Ur
488 1493 547 1571 infir
563 1511 595 1552 ne
616 1490 784 1567 invideant}
814 1491 890 1568 Quin
907 1492 1003 1566 potius
1024 1490 1141 1550 colendi
1161 1492 1223 1562 sunt
1237 1498 1327 1567 atque
1345 1489 1391 1549 rd-

397 1569 514 1638 jurandi
532 1588 584 1643 pro
605 1574 727 1631 viribus,
759 1569 808 1640 qui
834 1567 967 1625 inieroire
988 1584 1161 1644 quocunque
1186 1571 1278 1627 modo
1300 1568 1390 1625 socie-

306 1664 313 1673 ·
399 1643 452 1702 tati
467 1649 589 1720 graviter
603 1645 798 1703 contendunt:
814 1643 984 1718 potiffiorurn
1006 1643 1026 1702 fi
1042 1647 1161 1720 egregiis
1176 1647 1213 1704 od
1226 1643 1390 1720 h'oc'ipsdm

400 1721 514 1779 dotibus
532 1722 654 1779 instruiii
672 1720 733 1779 sint.

439 1796 585 1857 Promotum
599 1795 688 1870 eunt]¹
730 1795 829 1853 Caicar
855 1795 913 1854 iroc
928 1813 1046 1872 quoque
1063 1796 1141 1857 addit
1157 1798 1239 1866 aliis,
1260 1811 1337 1871 quos
1358 1793 1392 1853 ad

398 1873 534 1933 imitanda
555 1872 695 1942 eiusmodi
717 1873 847 1947 exempla
871 1873 1003 1948 idipsum
1018 1876 1142 1934 excitare
1161 1887 1260 1950 aptum
1276 1872 1330 1931 eii.

850 2027 876 2098 i·
915 2027 952 2086 v.

440 2175 542 2262 Quibus
556 2178 666 2258 ienig'rre
678 2177 785 2237 uidetur
792 2169 887 2254 fieri}
924 2180 1124 2259 intenpestiva
1145 2195 1171 2240 e.
1191 2195 1219 2256 g.
1237 2174 1393 2242 liberalitas

319 2266 322 2270 '
379 2247 506 2326 ⁸suerit,
534 2259 628 2315 valido
651 2256 849 2315 rnendieabulo
872 2271 1010 2326 erogare,
1035 2272 1084 2316 aut
1107 2259 1135 2317 id
1155 2267 1247 2332 genus
1268 2259 1395 2317 hornidl·

402 2335 473 2404 bus,
494 2353 566 2410 quos
582 2335 724 2404 conjicere
740 2330 860 2388 omnino
882 2333 968 2389 liceat
986 2333 1083 2392 usuros
1099 2333 1184 2403 datis,
1208 2336 1246 2393 td
1260 2333 1394 2394 alendam

400 2412 560 2475 luxuriam,
581 2410 616 2468 ad
631 2408 794 2485 patrandum
810 2406 898 2464 scelus
916 2412 1109 2482 nequitiarure
1125 2410 1178 2469 dte.

442 2486 518 2568 Quid
537 2488 628 2561 cuique
649 2487 760 2544 maxime
777 2482 875 2561 norff
891 2482 959 2560 fir}
1010 2486 1250 2565 Quandoquidem
1276 2489 1306 2546 in
1322 2487 1395 2547 nisce

404 2565 538 2622 omnibus
554 2564 659 2621 Auiior
683 2561 744 2634 ipis
767 2565 861 2618 verbis
879 2562 967 2620 utitur
983 2561 1148 2623 ercrrorrr
1163 2564 1199 2621 de
1216 2560 1281 2636 ufir.
1305 2567 1349 2625 lid.
1371 2563 1395 2622 l.

403 2653 461 2715 cop.
485 2643 597 2710 14.-r8.
613 2635 747 2710 explicari
761 2637 820 2705 ejus
836 2653 916 2694 mens
936 2638 1037 2696 melius
1057 2656 1117 2696 non
1138 2643 1284 2714 potuerit,
1309 2656 1394 2717 quam

404 2715 620 2790 srexernpiurn,
641 2716 676 2772 ab
696 2711 755 2788 ipso
775 2712 899 2770 Oratore
917 2729 949 2769 oc
969 2713 1146 2786 Philosopno
1161 2719 1301 2777 Romano
1323 2716 1397 2776 adis·

404 2800 482 2858 turri,
504 2789 568 2848 heic
582 2788 711 2848 referant.
758 2789 821 2845 Non
843 2789 937 2860 iidem,
957 2791 1063 2863 inquit,
1076 2787 1142 2868 sunt
1162 2793 1272 2866 semper
1297 2787 1404 2868 neceffiss,

405 2869 527 2928 tudinum
545 2867 661 2942 gradus,
687 2867 732 2939 qui
751 2861 789 2934 δ’
808 2877 953 2940 temporum.
1000 2864 1130 2942 Suntque,
1153 2871 1263 2946 pergit,
1294 2866 1394 2944 officia,

405 2961 457 3018 quoe
476 2946 535 3001 eliis
550 2946 651 3017 magis,
679 2952 761 3015 quern·
773 2943 836 2998 eliis
855 2944 1010 3000 debeanturt
1037 2955 1069 3002 ut
1086 2947 1202 3004 uicinum
1222 2948 1309 3004 citius
1327 2948 1397 3024 adju

404 3021 479 3077 ueris
497 3021 525 3073 in
538 3014 672 3092 frugibus
683 3019 871 3091 percipiendis,
899 3037 974 3092 quum
994 3034 1041 3079 our
1052 3019 1181 3098 fratrem,
1210 3035 1257 3080 aut
1273 3021 1397 3098 furniliu-

405 3111 476 3161 rern3
496 3105 524 3150 et
532 3091 559 3169 st
573 3095 606 3150 lis
619 3093 756 3165 injudicio
765 3093 820 3170 fit3
837 3099 1008 3170 propinquum
1024 3101 1113 3174 potius
1127 3099 1165 3170 ὃ·
1176 3103 1307 3170 ornicum,
1323 3120 1397 3178 quo·

405 3173 523 3232 vicinum
545 3167 698 3243 defenderis.
1353 3230 1356 3235 ,

432 3246 486 3329 ¹Et
504 3265 561 3305 curn
584 3242 761 3313 contestatione
780 3250 958 3308 benevolentia
980 3251 1102 3328 dernurJ.
1148 3252 1202 3311 Pir
1221 3260 1360 3329 quoque,
1380 3256 1398 3315 li

409 3325 470 3385 fieri
496 3336 603 3397 queat,
633 3325 756 3394 fuerit,
785 3327 900 3397 inopum
936 3333 1091 3402 prevenire
1124 3328 1332 3392 necessitetes:
1367 3333 1400 3390 iis

410 3401 481 3459 elom
511 3399 585 3457 ferre
607 3417 714 3475 opem,
748 3419 782 3460 rc
805 3403 992 3478 tempestive:
1026 3406 1162 3481 quicquid
1183 3405 1399 3468 insultationem

412 3476 671 3540 ostentationernrc
685 3477 815 3551 redolet,
836 3472 959 3551 evitare,
982 3479 1034 3540 &o
1265 3502 1269 3508 ·

817 3628 842 3709 ς.
882 3634 982 3696 vrr.

452 3789 548 3850 Curre
560 3787 685 3846 rerionun
698 3785 827 3922 feeerirssl.
865 3787 932 3847 Hoc
946 3789 1061 3865 quidenr
1078 3791 1213 3863 testatur,
1241 3803 1333 3866 prout
1344 3796 1406 3873 pie·

409 3874 566 3941 rerumque
589 3865 751 3947 mortanum
772 3884 787 3923 e
833 3863 958 3935 indoles,
979 3868 1117 3926 rreceiiurn
1140 3869 1200 3928 sere
1218 3870 1292 3939 effe,
1320 3885 1353 3928 ut
1370 3872 1407 3932 ad

410 3940 590 4002 eonferenda
606 3942 635 3999 in
658 3940 886 4000 ulios'beneiicia
907 3943 975 4018 spes.
994 3944 1145 4003 referende
1165 3949 1261 4018 gratie
1285 3962 1339 4004 eos
1356 3954 1408 4023 ρι’.

413 4019 557 4076 euiiariter
593 4032 784 4076 commoveat.
838 4020 877 4077 At
904 4019 966 4076 iane
1001 4038 1081 4080 nrero
1114 4024 1329 4082 benevolentiae
1366 4038 1409 4081 ar-

414 4109 471 4166 que
498 4094 585 4153 officii
606 4105 686 4152 nrottr
718 4097 844 4153 exerceri
871 4111 938 4155 vera
960 4097 1143 4157 beneficentia
1170 4097 1280 4154 debet:
1317 4100 1408 4174 eique

414 4170 494 4227 omni
516 4171 709 4230 retributionis
732 4172 940 4241 exspectatione
963 4175 1085 4233 multum
1115 4173 1274 4232 detrahitur
1308 4178 1409 4249 pretii.

415 4245 523 4303 Auilor
546 4245 641 4305 noster
666 4248 840 4309 verbotenus
867 4249 931 4309 lreic
955 4251 1140 4311 exscribendo
1160 4253 1353 4317 Horreorum
1377 4253 1410 4310 de

404 4320 474 4411 ,uiue
494 4317 547 4379 ili.
573 4325 601 4382 ι.
626 4338 686 4383 non
709 4322 849 4399 adtentit,
869 4325 946 4391 huuc
967 4320 1002 4387 ex
1020 4325 1135 4385 diversis
1147 4327 1233 4404 piane
1250 4320 1408 4406 prindrlis

799 4411 814 4419 '·
1362 4419 1408 4462 ra·
