3034 5509
267 570 344 684 586
448 587 531 660 Dr
583 589 870 662 Oarrcro
921 587 1112 668 Crvrt

267 762 412 840 divortii
443 762 700 836 contumaciam
731 784 869 834 morum
898 766 987 851 alat3
1011 763 1066 837 sed
1090 766 1210 860 potius
1226 774 1272 846 al·

268 865 374 938 terius
397 863 605 936 conditionis
623 861 815 956 desperatio
832 864 872 934 ad
888 865 1172 939 commoditatem
1195 893 1272 942 mo·

266 984 370 1050 rom,
411 982 635 1058 mutuamque
671 960 887 1033 tolerantiam
929 963 1094 1059 conjuges
1135 964 1271 1043 incitet.

266 1062 443 1133 Caeterum
467 1063 513 1131 ob
540 1060 667 1133 violata
693 1058 761 1152 (r)
795 1058 887 1150 palli
923 1062 1182 1135 matrimonialis
1212 1089 1269 1140 ca·

267 1160 341 1254 pita
365 1182 441 1252 pars
455 1159 530 1232 laesa
545 1177 675 1230 tantum
694 1156 837 1230 vinculo
853 1158 1044 1231 exsolvitur
1059 1158 1076 1255 (
1086 1159 1150 1255 s);
1171 1167 1266 1258 quod

268 1259 304 1329 itt
324 1260 433 1331 altero
458 1258 697 1343 continuatur,
723 1252 887 1350 siquidem
905 1278 981 1348 pars
1001 1258 1076 1330 laesa
1095 1258 1201 1353 velit,
1230 1263 1268 1339 dt

268 1376 349 1429 cum
367 1358 471 1430 altero
488 1356 523 1429 in
540 1355 686 1451 gratiam
710 1352 820 1425 redire
838 1353 1008 1450 dignetur.

408 1553 439 1647 J.
465 1551 516 1627 N.
542 1546 585 1633 ἐξ
611 1551 653 1624 G.
681 1553 703 1627 l.
721 1572 834 1624 vr.-r.
862 1572 894 1624 1.
919 1549 950 1650 s.
975 1570 1130 1645 20-24.

119 1774 257 1888 coffin-
318 1759 530 1835 (ontrahere
548 1759 641 1836 licite
665 1760 923 1852 matrimonium
941 1762 1028 1864 (t),
1054 1766 1111 1840 ubi
1137 1765 1195 1841 lex
1222 1767 1268 1841 ςῑ.

121 1904 244 1953 rematrl·
1189 1866 1268 1940 Vilis

267 2056 344 2108 licetr
360 2056 384 2105 in
400 2056 462 2106 statu
477 2055 544 2106 civili
554 2069 615 2107 vero
627 2056 748 2115 magistra·
781 2071 823 2106 res
846 2057 1039 2122 intolerabiles,
1061 2062 1077 2108 fl
1094 2061 1163 2108 nulla
1181 2073 1271 2110 emen·

214 2162 217 2168 .
267 2133 306 2170 tus
328 2121 454 2169 licentiam
476 2122 576 2170 istorum
595 2121 748 2169 circumscrl—
780 2123 886 2171 dationis
900 2123 970 2183 spes,
986 2123 1075 2172 morali
1088 2123 1269 2185 estimatione,

266 2185 318 2233 bitt
339 2196 393 2242 quae
419 2187 434 2233 li
456 2187 499 2232 vel
516 2185 588 2234 nimis
605 2185 685 2232 libera
702 2186 749 2244 lit,
781 2185 901 2247 superfit,
934 2186 1074 2236 dirimendo
1109 2187 1268 2237 matrimonio

265 2249 308 2294 vel
340 2247 411 2296 nimis
441 2246 579 2307 restrilla,
602 2247 747 2306 reipublicae
781 2249 893 2298 sufficere
909 2251 1021 2312 poliunt,
1047 2251 1102 2299 add.
1119 2251 1142 2300 d.
1156 2254 1173 2300 1.
1187 2253 1231 2300 Vl.
1249 2267 1270 2303 tt

264 2309 343 2359 noxia
362 2311 531 2361 elsevidetur.
573 2310 748 2371 Honrrrargu·
782 2322 805 2361 ι.
823 2310 846 2370 ο.
863 2326 902 2361 21.
920 2325 1072 2374 ananau„
1106 2314 1204 2363 Tantos.

264 2386 391 2435 mentum,
412 2376 480 2433 quod
495 2374 749 2433 proindillolubiiita-
813 2376 828 2437 (
854 2376 999 2437 >ornam
1018 2390 1091 2426 aaran
1106 2379 1163 2425 atala
1182 2389 1267 2441 conpt-

264 2450 290 2485 te
307 2437 455 2486 matrimonii
475 2439 554 2487 adfert
569 2441 602 2488 ad
616 2439 714 2500 Pascal.
731 2441 748 2487 1.
775 2393 856 2503 fimi.
889 2441 913 2488 Si
934 2440 1045 2490 leviores
1063 2441 1142 2489 causae
1158 2440 1266 2489 interce·

260 2502 306 2556 Vl.
322 2516 342 2549 c.
361 2516 380 2549 r.
400 2498 476 2561 §.aa
501 2505 538 2550 lit.
560 2513 620 2563 op.
636 2506 691 2561 829.
724 2506 749 2549 εἰ
781 2505 857 2560 dant,
875 2503 996 2563 separatio
1013 2518 1026 2551 a
1044 2506 1116 2553 tboro
1139 2507 1162 2551 o
1181 2505 1267 2553 mense

264 2577 342 2613 ctterae
361 2568 465 2614 amicitie
480 2566 529 2627 stne
540 2569 612 2630 grant·
628 2567 748 2628 cupariis·
782 2569 948 2628 conceditur,
971 2580 1027 2626 quae
1048 2567 1164 2617 ballenae
1189 2568 1267 2616 ratio·

259 2629 300 2689 sut·
308 2645 351 2676 non
359 2631 457 2691 pffm
473 2644 536 2678 tanto
548 2635 620 2678 minut
631 2633 688 2691 illa,
699 2646 748 2695 que
782 2644 840 2678 neto
853 2633 940 2689 habet,
959 2643 1079 2690 quatenus
1093 2644 1139 2691 per
1149 2643 1205 2679 ertu
1216 2644 1266 2680 ma·

265 2704 299 2739 tot
309 2695 427 2753 pignorum
443 2696 530 2741 vinculo
549 2697 694 2741 continetur.-
708 2712 749 2742 un·
780 2693 835 2749 jota
847 2699 911 2743 mala
927 2695 1111 2751 impediuntur,
1130 2707 1159 2742 ac
1179 2696 1269 2752 conju·

266 2756 292 2803 da
310 2759 392 2817 pendet
417 2755 503 2814 hardla
530 2766 576 2801 tusa
600 2761 749 2818 propagatio,
781 2770 823 2814 ges
850 2759 880 2804 ad
905 2758 1065 2805 concordiam
1097 2768 1269 2819 revocantur,

267 2830 313 2865 tam
336 2817 433 2866 educatio
461 2818 585 2878 nobiliffintt‘
608 2823 750 2867 animantis.-
782 2819 814 2865 de
827 2831 875 2876 qua
893 2823 965 2877 plura
979 2820 1046 2876 dixi,
1064 2821 1090 2869 in
1104 2824 1265 2887 Sprtln.Jur.

265 2880 374 2940 pertinet
392 2884 422 2929 ad
438 2881 558 2938 principia
573 2881 676 2939 decori,
694 2894 749 2939 quae
781 2882 864 2940 Ecclefi
879 2884 902 2928 d.
919 2899 939 2929 c.
953 2896 977 2942 4.
994 2885 1015 2946 ς.
1031 2895 1070 2940 23.
1080 2885 1143 2948 seqq.
1170 2885 1250 2934 bant.

266 2945 343 2991 multa
362 2943 428 2991 circa
445 2942 546 2991 divortii
560 2942 640 2990 actum
660 2958 673 2991 a
693 2943 749 2999 jure
813 2945 828 3004 (
837 2944 870 3004 a)
886 2946 993 2992 caurum
1009 2950 1035 2994 ob
1053 2945 1170 3010 alanta}
1210 2948 1267 2996 Hoc

263 3019 357 3055 naturae
381 3005 492 3065 perutilia
513 3003 604 3054 arelius
627 3007 746 3068 limitant,
781 3020 814 3056 en
827 3009 938 3066 generali
954 3008 1083 3068 pallorum
1099 3010 1267 3071 naturalium,

266 3071 413 3130 &apertius
430 3069 551 3117 decidunt.
588 3070 664 3120 Conf.
679 3072 747 3119 Kor-
780 3085 836 3119 nam
858 3072 989 3121 absurdum
1008 3075 1088 3135 soret,
1111 3072 1198 3132 liquis
1221 3075 1268 3124 suo

266 3146 322 3182 snat
335 3133 423 3195 diffide
438 3138 491 3192 jun
501 3136 610 3194 principis
625 3137 749 3196 coangelici
781 3133 873 3183 delicio
899 3137 929 3184 ab
957 3136 1130 3197 obligatione,
1156 3136 1266 3195 legitima

265 3201 326 3246 et'rca
343 3198 443 3246 divortia
456 3197 500 3254 fitl
511 3198 613 3258 praefilt'o
632 3199 749 3247 Botbmm'
781 3199 932 3258 constitura,
971 3200 996 3246 se
1026 3200 1133 3248 liberare
1167 3200 1268 3261 pollet,

264 3263 331 3310 Hatae
348 3273 418 3317 1715·
440 3262 493 3309 bob.
520 3263 542 3308 ot
562 3261 667 3323 scripta,
691 3276 746 3321 qnte
781 3263 838 3311 binc
862 3275 891 3310 ea
921 3273 960 3308 rer
982 3262 1012 3310 ab
1033 3262 1133 3310 arbitrio
1152 3264 1200 3308 laefi
1226 3265 1269 3313 tie·

245 3325 434 3383 ononimus,
471 3325 614 3387 Jnonnus,
656 3329 748 3374 Bnnrn·
781 3326 883 3386 pendet.
918 3327 1002 3372 inunt.

265 3403 369 3446 neuen,
389 3392 484 3438 SToLTz
501 3392 547 3437 bre.
564 3390 591 3437 dt
603 3394 750 3440 concubinatu
813 3387 827 3448 (
836 3390 868 3446 t)
885 3390 943 3436 Part
957 3386 1008 3443 laesst
1025 3396 1113 3432 tanturn
1129 3387 1219 3435 vinculo
1229 3407 1269 3440 te·

269 3455 414 3503 ediderunt:
433 3466 463 3501 ex
478 3464 585 3512 quorum
603 3452 750 3511 argumentis
775 3451 873 3511 solvitur
883 3449 904 3512 ].
937 3449 1002 3496 Vide
1017 3447 1069 3507 Obfi
1084 3448 1109 3496 in
1124 3451 1142 3497 t.
1157 3449 1178 3499 1.
1192 3465 1212 3500 c.
1227 3456 1267 3504 1⁶.

263 3517 307 3566 libi
331 3518 441 3566 invicem
463 3517 582 3577 oppositis
606 3517 696 3566 ueritas
717 3529 749 3564 eo
782 3510 846 3575 ps.
878 3515 1009 3562 Catamitu.
1069 3574 1076 3587 .
1165 3575 1170 3586 Ι

266 3581 356 3628 clarius
370 3580 486 3631 elucebit.
519 3580 635 3629 Tnaunn.
813 3579 834 3639 ς.
850 3577 903 3624 Vll.
924 3577 952 3622 ln
976 3573 1089 3636 personis
1114 3587 1267 3637 coniungen-

299 3643 353 3703 (p)
369 3645 423 3704 N’fi
436 3646 569 3707 principalis
588 3640 682 3704 paotJ.
726 3639 750 3688 sl
780 3639 817 3690 dis
841 3639 974 3698 requiritur
995 3639 1098 3687 facultas
1122 3642 1221 3699 phylira
1244 3643 1268 3691 dt

267 3706 350 3763 capita
371 3706 504 3755 essentialia
530 3704 594 3768 palii
625 3704 750 3754 matrimo-
781 3703 891 3754 moralis.
929 3704 967 3752 Ati
988 3704 1057 3752 illam
1075 3703 1200 3764 pertinet,
1221 3705 1265 3767 (ι)

265 3767 337 3817 nialis
361 3766 454 3815 suerint
476 3771 589 3831 violata,
614 3781 666 3818 tum
689 3768 750 3815 laeso
781 3768 849 3832 Julla
868 3779 937 3828 atat,
960 3779 986 3817 ut
1005 3766 1106 3815 masculi
1125 3769 1168 3814 liat
1187 3769 1266 3827 pube-

264 3835 368 3882 sacultas
394 3831 527 3879 recedendi
558 3832 633 3881 dubio
660 3832 750 3889 procul
782 3844 838 3892 res,
857 3832 878 3879 dt
896 3830 993 3880 feminae
1008 3830 1221 3891 viripotentes,1.
1240 3846 1266 3893 9.

268 3892 454 3955 competit„id
478 3905 559 3942 autern
583 3909 634 3942 non
656 3906 750 3943 tanturn
782 3899 815 3945 D.
835 3894 969 3956 desponsat.
990 3897 1006 3944 t.
1024 3905 1063 3950 32·
1091 3894 1168 3955 §.a7.
1188 3895 1221 3942 D.
1239 3897 1266 3946 de

267 3961 385 4020 contingit
404 3970 451 4017 per
472 3958 617 4006 adulterium
638 3959 661 4006 dt
683 3959 751 4007 mali·
781 3961 978 4009 denaniorum.
997 3955 1095 4005 senibus
1117 3970 1180 4005 vero
1195 3958 1265 4007 elice.

265 4026 352 4074 tiosam
367 4021 552 4081 desertionem,
578 4023 619 4070 secl
637 4021 710 4070 etiam
727 4037 751 4071 a·
782 4024 813 4072 tia
834 4022 1019 4071 dissuadendum
1043 4020 1076 4067 est
1101 4022 1266 4083 honoratiora,

265 4089 306 4138 liis
321 4088 419 4143 modis,
436 4099 499 4144 quos
519 4087 592 4133 retuli
611 4086 635 4134 in
656 4089 746 4147 specim.
779 4099 805 4136 ut
823 4090 854 4136 Α.
880 4087 964 4143 lepide
984 4084 1009 4132 io
1033 4085 1074 4142 Op.
1094 4089 1148 4144 ιη’.
1170 4096 1267 4146 vocat,

266 4155 324 4217 Jur.
339 4150 421 4210 Etcltfi
443 4152 460 4199 t.
477 4150 515 4198 IV.
531 4164 551 4197 e.
568 4165 592 4210 4.
611 4145 634 4210 p.
654 4162 691 4206 17.
710 4152 747 4199 ιθ.
780 4150 981 4198 matrimonium:
997 4145 1175 4195 maximevero
1191 4147 1267 4205 juve-

268 4228 310 4275 ¹9·
326 4228 365 4262 no.
380 4214 423 4273 oui
437 4215 466 4261 ad
481 4216 524 4278 Jus
534 4214 653 4261 Naturale
669 4215 747 4260 omni·
779 4215 805 4261 ni
821 4227 876 4261 curn
896 4225 967 4270 anu,
989 4223 1021 4258 ne
1039 4209 1124 4259 semen
1143 4210 1267 4261 inutiliter

265 4292 299 4330 no
315 4279 389 4328 etiam
399 4278 487 4329 referri
503 4276 618 4342 poliunt,
634 4274 685 4328 itnu
695 4290 747 4332 tao·
780 4276 930 4339 effundatur,
946 4286 1069 4338 perpetuo
1078 4286 1203 4337 peccato,
1220 4277 1267 4323 Se-

1197 4350 1263 4393 neca
