3034 5509
184 676 187 682 .
273 631 353 724 955
482 608 1063 716 Numantia-runem

275 798 409 875 equidem
435 796 507 855 salva
529 795 699 854 conscientia
720 794 836 853 retineri
858 796 984 854 salarium
1011 795 1121 853 sceleris
1152 795 1279 868 potest:

275 870 377 936 uerum
400 874 581 932 restitutionis
607 873 745 946 obligatio
765 873 829 929 heic
849 872 886 928 ita
913 873 953 928 est
972 885 1151 944 comparata,
1173 887 1206 930 ut
1229 874 1275 942 ia,

274 953 323 1029 qui
344 951 424 1007 alteri
442 951 479 1005 ob
501 946 586 1005 scelus
607 947 708 1017 solvit,
730 948 839 1004 nullum
862 949 1007 1020 repetendi
1027 949 1071 1017 ius
1091 949 1212 1021 proprie
1233 948 1274 1006 fic

273 1028 376 1084 diiium
402 1022 468 1081 inde
483 1023 679 1081 nanciscatur:
699 1025 803 1098 quippe
821 1023 905 1095 legis,
927 1025 1048 1097 reparari
1064 1027 1200 1082 damnum
1224 1024 1271 1093 ju-

265 1096 379 1170 bentis,
405 1099 504 1156 lavore
537 1098 636 1171 dignus
668 1113 769 1156 neuter
798 1099 855 1167 esi3
877 1101 961 1172 eique
981 1099 1050 1155 aliar
1074 1113 1198 1174 uterque
1229 1116 1268 1156 eo

268 1177 345 1253 lpso,
367 1174 445 1251 quod
461 1176 488 1233 in
504 1173 633 1232 illicitum
647 1175 755 1248 paiiurn
770 1173 845 1231 uitro
861 1173 1015 1244 consensu,
1038 1175 1143 1247 puriter
1163 1191 1272 1232 renun-

272 1251 368 1313 ciavit.
407 1253 454 1310 lll.
476 1252 562 1333 Quod
579 1251 612 1306 ad
628 1255 805 1308 conventiones
819 1247 928 1307 adtinet
941 1251 996 1306 ideo
1008 1263 1111 1309 tantum
1133 1253 1267 1314 illicitos.

270 1333 336 1405 quod
356 1333 425 1388 circa
448 1345 500 1384 rem
521 1330 633 1401 aliquam
653 1330 777 1384 civilibus
799 1325 899 1401 legibus
918 1329 1026 1385 vetitam
1045 1324 1202 1404 versemur:
1225 1327 1268 1382 rii·

268 1406 442 1481 tiiuguendae
465 1404 525 1462 sunt
549 1406 621 1473 ille,
640 1421 702 1478 quae
724 1422 781 1460 curn
799 1415 942 1470 extranea,
971 1408 1006 1459 ab
1030 1405 1086 1470 iis,
1108 1421 1172 1477 quae
1195 1406 1268 1460 inter

269 1487 389 1541 concines
409 1482 551 1555 ineuntur.
599 1496 623 1537 1.
644 1481 672 1538 Si
692 1497 754 1538 curn
778 1488 899 1551 extraneo
920 1480 1028 1553 padum
1052 1481 1085 1539 sit
1104 1482 1181 1538 circa
1205 1497 1268 1537 rem

256 1561 298 1617 'in
321 1562 436 1617 civitate
456 1555 629 1630 prohibitam
646 1574 654 1613 :
674 1557 696 1613 is
718 1567 766 1614 aut
786 1556 950 1614 interditum
966 1558 1063 1625 navit,
1084 1567 1130 1613 aut
1149 1573 1200 1612 non
1224 1572 1268 1612 ua·

255 1638 321 1702 uit.
361 1636 390 1694 Si
406 1635 523 1692 nouerit:
543 1643 591 1688 aut
612 1633 729 1700 expetiit
755 1636 881 1707 palium,
905 1644 953 1690 aut
978 1649 1037 1688 non
1063 1633 1197 1706 expetiit.
1237 1630 1268 1689 Si

269 1706 421 1787 ¹expetierit:
442 1708 568 1784 nequead
581 1704 747 1780 prestandum
761 1705 839 1784 ipsam
852 1727 923 1777 rem,
941 1725 1019 1782 neque
1039 1709 1075 1766 ad
1085 1706 1264 1786 pensandum,

259 1791 335 1867 ¹·quari
359 1789 419 1847 inde
442 1789 466 1844 is
482 1785 556 1860 forte
566 1783 667 1860 sentit,
687 1785 808 1843 damnum
834 1787 901 1844 alter
921 1797 1040 1843 tenetur:
1061 1787 1117 1843 hoc
1131 1800 1267 1852 tantum,

267 1863 348 1937 quod
366 1866 422 1934 jam
448 1862 595 1936 prestitit,
616 1862 642 1918 ei
668 1860 754 1919 fuerit
776 1862 985 1936 restituendum.
1025 1863 1132 1918 Verum
1147 1857 1175 1936 fi
1198 1864 1267 1918 ouer

267 1939 318 2017 ipse
331 1941 436 2012 podium
454 1940 609 2010 expetierit:
628 1955 677 1993 non
697 1937 797 2011 quidem
818 1939 852 1994 ad
871 1936 935 1995 illud
955 1937 1109 2010 inplendum
1133 1949 1262 1996 tenetur:

255 2012 364 2093 ‘interea
382 2016 521 2072 indemnem
541 2016 611 2080 eund
632 2016 735 2086 quirum
747 2013 840 2088 padus
859 2011 910 2085 eli,
934 2009 1105 2089 prestandum
1126 2014 1262 2073 doluerit.

264 2093 353 2172 Quod
368 2092 387 2148 st
402 2105 540 2149 extraneus
558 2089 722 2149 interdiiium
745 2109 793 2148 non
812 2096 930 2158 nouerit;
954 2092 1011 2148 sare
1039 2094 1195 2165 expetitum
1215 2109 1265 2162 pa·

266 2162 340 2226 lium
357 2167 456 2235 suerit,
477 2165 533 2223 five
553 2167 662 2222 miuus:
682 2184 708 2224 eo
722 2168 836 2226 ualidior
849 2169 932 2227 adbuc
947 2168 1075 2225 incumbit
1089 2169 1217 2241 alligatio
1233 2168 1263 2226 id

254 2255 335 2302 'amne
357 2242 405 2320 ipfi
426 2239 598 2317 refundendi,
627 2245 692 2315 quod
709 2243 777 2312 forte
801 2242 929 2318 interest,
951 2245 1017 2320 date
1039 2239 1107 2315 fidei
1138 2241 1265 2320 confisum

266 2317 326 2397 effe
364 2321 412 2378 Ast
423 2319 452 2396 fi
464 2315 632 2377 interditione
649 2317 705 2395 post
726 2324 820 2379 initum
837 2321 941 2394 palium
960 2322 1060 2379 demum
1071 2316 1196 2397 secutura
1204 2321 1264 2398 fit:

253 2400 338 2473 ‘'uullo
351 2411 411 2455 trtnc
420 2396 541 2474 pensandi
559 2397 645 2454 damni
658 2393 748 2474 existit
761 2400 893 2474 obligatio.
933 2414 960 2458 u.
982 2398 1105 2468 Ratione
1129 2415 1264 2456 conveu-

265 2478 376 2533 tionum
393 2476 464 2532 inter
477 2475 596 2548 cnaeiuea
611 2475 757 2533 initurum:
778 2487 864 2549 quum
880 2476 957 2549 leges
972 2475 1027 2532 hoc
1042 2473 1086 2530 vel
1107 2472 1176 2530 iliud
1194 2491 1266 2548 pro·

216 2553 225 2622 ᾗ
263 2550 397 2608 hibentes
427 2551 512 2608 latere
534 2551 609 2624 ipsos
632 2564 792 2623 nequeaut3
813 2552 877 2607 inde
899 2549 999 2625 pacisci
1015 2552 1162 2620 invicem,
1182 2567 1218 2606 ac
1240 2550 1262 2608 fi

263 2627 342 2704 nulla
366 2629 444 2700 lupar
467 2627 524 2686 hoc
555 2628 601 2684 lex
623 2624 766 2693 exstaret,
794 2628 1074 2699 arque·renunciare
1096 2625 1261 2695 beneficio,

263 2701 343 2777 quod
366 2703 513 2776 indulgere
532 2702 578 2758 illa
601 2703 726 2760 alterutri
741 2701 837 2776 ¹posset
855 2744 863 2767 ,
884 2700 1047 2764 censentur.
1086 2701 1173 2759 Unde
1194 2720 1262 2776 per·

262 2779 334 2837 frua
354 2778 436 2836 semol
459 2794 543 2853 atque
559 2776 708 2851 adimpleta
721 2777 893 2845 conventio,
914 2776 1073 2836 validiffima
1095 2778 1170 2836 iuter
1185 2795 1260 2838 cou-

186 2916 193 2926 ν
252 2854 408 2912 'trahentes
424 2853 480 2918 elir
497 2858 533 2911 ita
550 2867 593 2919 ut,
611 2855 659 2926 qui
674 2853 769 2924 dedit,
790 2867 917 2927 repetere
933 2853 1001 2909 haut
1020 2855 1170 2928 quicquam
1191 2871 1261 2929 pos·

261 2927 312 2992 fit;
333 2927 374 2995 dt,
392 2930 440 3001 qui
458 2929 522 2986 dare
538 2929 685 3002 promise,
706 2931 831 3002 prestare
852 2929 971 2987 omniuo
988 2928 1106 2986 debeat:
1131 2929 1180 2986 nist
1206 2931 1266 2990 hoc

260 3003 322 3087 ipso
336 3019 450 3073 gravem
467 3005 493 3060 in
512 3004 538 3060 se
557 3019 665 3076 poenam
682 3005 873 3070 arceffirnrus.
892 3016 940 3061 aut
966 3021 1095 3078 magnum
1116 3005 1196 3063 aliud
1216 3010 1260 3064 in·

260 3077 461 3160 commodum,
481 3095 497 3135 a
515 3096 595 3153 quot
611 3079 630 3136 sr
648 3080 715 3140 illud
730 3079 914 3154 praevidisset,
936 3081 1122 3139 vehementer
1137 3081 1187 3140 sibi
1214 3101 1260 3142 ca·

258 3153 358 3229 uisset,
382 3155 512 3226 idipsum
529 3156 747 3214 redundaturum
765 3156 805 3214 stt.
847 3157 986 3230 Principia
1008 3157 1074 3217 heic
1099 3173 1163 3215 mea
1178 3161 1258 3216 circa

261 3232 381 3302 amplam
399 3229 584 3302 subtilemque
604 3230 755 3288 admodum
777 3230 929 3291 doiirinaru
957 3249 1015 3290 non
1037 3232 1085 3291 nisi
1100 3231 1161 3291 sere
1181 3235 1257 3294 indi·

252 3314 309 3366 'eo
352 3304 431 3363 Fuita
455 3320 548 3365 auteur
571 3307 702 3364 omnibus
728 3307 781 3365 suis
804 3309 974 3384 argumentis
1001 3309 1047 3364 illa
1074 3311 1258 3381 reperientur

198 3416 202 3424 ·
252 3380 290 3461 'sn
309 3383 464 3454 prolixiore
480 3397 562 3453 nota,
588 3368 691 3454 adieiia
715 3382 848 3441 secunde¹
863 3374 989 3442 liditioni
1009 3384 1131 3452 Maioris
1149 3387 1259 3462 Operis

252 3458 393 3522 ἰΔιιξὶοῐίε
416 3459 501 3518 nostri
522 3464 557 3518 de
578 3461 601 3530 J.
623 3461 661 3519 N.
682 3458 708 3517 ἃ
730 3462 765 3518 G.
787 3461 834 3518 iii.
854 3460 904 3516 lli.
926 3473 981 3535 cap.
1006 3473 1032 3532 7.
1051 3461 1076 3534 i.
1097 3467 1123 3520 6.
1147 3478 1203 3522 nat.
1226 3481 1254 3522 2.

259 3535 482 3610 Cuiadjungera
501 3537 558 3594 duo
582 3538 681 3608 scripta
704 3537 812 3603 licebit,
835 3555 896 3611 quar
916 3539 983 3594 milri
1009 3537 1177 3596 evolvendo
1205 3542 1255 3597 ad

261 3611 319 3673 huc
340 3613 427 3680 magis
451 3615 588 3678 materie,
613 3616 730 3685 ejusque
753 3612 952 3683 adplicationis
972 3611 1007 3669 ad
1029 3614 1134 3672 illustre
1154 3631 1255 3675 exem·

258 3684 340 3766 plum
357 3685 441 3744 fufius
464 3688 715 3746 commonstruudae
737 3686 913 3747 occasionem
934 3690 1122 3762 praebuerunt.
1163 3691 1255 3750 Inser-

250 3778 286 3824 'ta
312 3766 395 3822 ambe
420 3761 535 3820 Diurnis
563 3763 732 3821 Errrditornm
752 3763 900 3821 Gallicanis
923 3766 1005 3822 suot:
1033 3766 1108 3837 prius
1133 3767 1254 3839 quidem

258 3841 360 3903 Mense
384 3837 501 3914 Augulli
529 3856 610 3909 1712.
638 3840 778 3900 Editiouis
801 3838 950 3916 Parifiinfia
975 3842 1139 3911 (Odabris,
1171 3843 1249 3917 Edu,

251 3915 517 3993 'Arnfleladnnnnsts)
550 3919 576 3974 in
597 3918 687 3990 forma
714 3913 829 3990 Epistola
852 3917 1017 3995 desponsatio
1039 3918 1072 3974 ad
1100 3935 1159 3986 ea,
1189 3935 1250 3991 que

258 3993 317 4054 Dn
334 3996 360 4049 T
362 4002 525 4069 nemereus
542 3995 672 4052 adversus
688 4012 732 4051 me
747 3995 927 4053 differuerat:
949 3998 1065 4054 alterum
1081 4011 1152 4054 vero
1168 3996 1253 4053 Men·

259 4069 287 4127 se
311 4068 459 4127 Decembris
486 4085 564 4140 1713.
596 4072 675 4129 Elin
699 4071 784 4126 Paris.
803 4067 966 4143 (Februaui
988 4090 1019 4129 ac
1040 4070 1142 4128 Martii
1166 4085 1251 4138 17¹4.

248 4143 335 4204 uun.
368 4145 525 4218 Holland.)
561 4146 608 4204 lob
636 4146 740 4205 titulo:
769 4146 919 4222 Duplicata
947 4148 1103 4224 Respoafio
1132 4146 1167 4205 ad
1189 4148 1251 4208 Do.

256 4222 462 4298 ‘Intuendum
477 4227 565 4298 primu
579 4241 612 4283 ac
627 4222 766 4303 postrema
781 4221 834 4305 &a

1098 4376 1124 4454 t.
1156 4373 1255 4448 xix,
