3034 5509
367 657 426 716 ιο
469 637 687 713 Lrunon
725 633 952 713 ermon.
1073 657 1146 732 901

162 815 259 909 Jurr‘r
287 817 455 888 Naturalis
483 831 662 912 prorupta,
704 812 813 885 Duon
843 810 910 886 elle
945 811 1138 887 colonium.

160 915 279 1007 Suppl.
308 919 351 986 lt.
378 913 407 1009 5
434 938 466 987 u.

208 1012 306 1084 Vlll.
342 1009 524 1105 Officiornm
557 1032 629 1079 oeta
657 1007 881 1079 mediatorum
898 1005 1028 1101 somma
1055 1012 1086 1080 in
1107 1035 1140 1082 ea

148 1105 315 1206 aonststit,
359 1128 392 1178 ut
427 1107 577 1208 Quisque
612 1101 763 1176 universi
800 1105 951 1178 Humani
995 1108 1140 1180 Generis

94 1214 105 1232 ²
149 1226 341 1278 *commune
369 1207 524 1291 Bonum,
549 1202 614 1289 δι,
641 1205 752 1298 quoad
782 1200 849 1272 hoc
887 1203 1032 1293 patitur,
1060 1229 1139 1298 pro·

150 1304 266 1389 prium
297 1304 503 1397 singulorum
552 1323 617 1394 pro
646 1302 773 1380 viribus
806 1319 987 1390 ‚procurem
1045 1306 1142 1405 Quod

119 1441 124 1446 ·
152 1402 224 1470 virle
243 1401 394 1492 ostensum
429 1399 549 1495 Suppl.
575 1397 617 1470 11.
644 1395 693 1493 55.
722 1420 764 1489 3,
790 1421 835 1485 4,
861 1418 895 1484 5.

203 1497 264 1566 IX.
294 1499 367 1566 Cum
383 1515 473 1590 porra
491 1499 533 1567 orl
544 1496 671 1566 hainoni
688 1499 813 1589 generis
834 1517 990 1565 catuniano
1017 1499 1138 1568 Bonum

137 1591 279 1686 spolient
292 1594 456 1688 rizanisi’fie
481 1617 582 1666 ornnes
607 1595 674 1688 ista
697 1597 853 1681 ultiones,
880 1597 987 1686 quitur
1008 1599 1076 1687 quir
1089 1595 1137 1683 fi-

145 1693 199 1775 lai,
225 1706 281 1761 aut
299 1693 357 1761 olii
377 1695 476 1762 cuivis
508 1695 555 1761 ita
583 1689 763 1781 benefacit,
791 1707 824 1760 ut
867 1692 981 1760 nullius
1010 1695 1137 1764 alterins

144 1788 311 1859 utilitatem
341 1788 464 1876 lalat3
494 1791 565 1859 hiric
584 1787 696 1880 sponte
718 1784 799 1883 fluit
828 1780 1010 1859 secundnm
1039 1791 1137 1882 §liaris¹

142 1885 312 1957 Naturalis
324 1903 528 1982 praeoptem,
557 1883 685 1980 Cuique
704 1882 872 1970 Homini,
891 1886 1041 1976 cujusvis
1060 1888 1136 1960 Ho-

85 2036 87 2041 .
141 1980 268 2070 minis,-
294 1983 380 2058 &in
405 1985 515 2075 specie
538 1984 635 2077 (cum
659 1983 784 2074 quisque
804 1980 867 2072 fibi
895 1982 1014 2078 plura,
1041 2011 1133 2078 quant

135 2080 197 2149 alii
228 2081 356 2164 cuivis,
394 2080 564 2178 istiusmodi
599 2083 755 2150 rurnnrotla
795 2101 976 2175 comparare
1011 2082 1130 2179 paffit,

136 2195 263 2269 'turaque
276 2181 347 2248 aliis
357 2183 457 2254 delita
473 2177 576 2272 offitia
591 2200 630 2247 ax
641 2192 790 2269 praecepta
807 2178 1012 2250 socialitatis
1025 2183 1132 2252 deduci

86 2283 89 2287 ’
124 2273 253 2367 semper
269 2280 404 2372 queant)
429 2276 521 2347 suain
539 2275 715 2346 innoxiam
736 2273 914 2344 utilitatem
942 2273 1011 2346 elle
1038 2302 1130 2370 qure-

136 2374 292 2443 rendam.
336 2372 454 2465 Soppl.
482 2371 524 2443 11.
551 2368 581 2465 5
610 2378 643 2443 ό.
688 2367 805 2462 Confer
827 2369 969 2445 Pufend.
995 2395 1070 2465 cap.
1093 2395 1129 2462 5.

104 2466 189 2566 55
217 2489 236 2551 '1
249 2523 259 2558 ,
287 2489 334 2557 2,
363 2495 395 2563 3.
422 2464 464 2548 li
488 2469 564 2536 adde
588 2468 707 2559 suppl.
733 2468 793 2536 lll.

181 2565 226 2640 X.
257 2566 302 2637 llt
324 2573 394 2663 quia
416 2562 620 2657 diuersorum,
647 2579 737 2658 atque
761 2564 834 2635 adeo
854 2563 957 2658 nullia
983 2592 1020 2638 oe
1041 2585 1128 2641 cete·

133 2687 237 2736 rarum
266 2664 438 2739 'Hominum
462 2665 616 2747 tarrrnroda
640 2685 698 2732 nan
727 2686 798 2734 rato
826 2663 960 2757 intetse
982 2669 1126 2738 collidun-

135 2779 207 2851 tur;
235 2778 289 2849 ot,
318 2767 391 2858 quil
413 2768 444 2835 in
470 2759 549 2856 hisce
574 2759 692 2852 caſsans
717 2763 849 2831 larnano
869 2767 978 2852 generi
1000 2767 1033 2833 in
1055 2769 1126 2838 uni.

92 2917 95 2922 .
130 2859 252 2954 versum
268 2858 314 2950 fit
338 2863 460 2947 utilius,
486 2857 717 2954 dignoscamam
742 2862 960 2930 advertendum
992 2863 1057 2957 eli,
1081 2889 1124 2938 ex

128 2961 228 3029 inante
244 2954 286 3039 [i
301 2963 466 3030 conditione
482 2960 651 3029 Hominum
667 2960 701 3026 in
718 2960 809 3028 tertis
830 2959 1001 3052 degentium
1024 2951 1131 3058 (qnae⁴

126 3058 168 3125 lis
186 3082 222 3127 eo
238 3055 419 3134 describitur
442 3059 482 3127 alr
504 3061 644 3126 Aulium
669 3075 744 3149 cap.
767 3075 799 3146 3.
825 3054 874 3150 55.
895 3062 1037 3152 Η.)
1060 3061 1121 3155 sa,

129 3157 172 3222 tis
194 3153 347 3249 constare,
375 3156 521 3225 Humano
552 3155 688 3239 Generi,
723 3170 757 3223 ut
770 3151 900 3247 saluum
918 3153 986 3246 fit,
1017 3183 1119 3232 aeres·

112 3250 191 3348 sum
214 3251 270 3347 effe
295 3249 382 3340 utstt
408 3251 593 3324 sociabile:
633 3252 711 3323 ande
734 3251 847 3345 sponte
869 3251 949 3348 fluit
981 3261 1116 3328 tertium

123 3350 224 3441 Jurir
247 3352 415 3420 Naturalis
437 3365 644 3444 preceptum.
670 3351 808 3443 idemque
838 3354 972 3421 omniurn
1002 3349 1118 3445 officio·¹

119 3459 195 3518 'runa
220 3445 432 3540 eonstiliantet
463 3446 653 3541 transtrum
683 3449 855 3519 Hominum
887 3449 1037 3519 utilitates
1061 3475 1116 3523 tt·
1172 3475 1174 3477 ’

107 3542 310 3642 spicientium
348 3568 506 3633 eonnnuae
542 3547 739 3628 criterium,
782 3544 911 3635 Cuique
944 3547 1113 3636 Homini,

120 3661 290 3735 quantum
316 3642 418 3733 inse,
445 3645 624 3717 colendam
662 3641 700 3715 ἃ
728 3641 929 3716 servandam
956 3642 1023 3715 elle
1050 3643 1114 3717 So-

117 3740 319 3812 cialitatem.
376 3741 494 3835 Sappl.
530 3764 563 3816 2.
594 3739 645 3838 55.
682 3761 837 3829 7.-12.
873 3739 986 3834 Confer
1015 3745 1114 3839 ipsum

116 3837 386 3929 Antiana-cap.
414 3860 445 3931 3.
472 3836 502 3935 5.
531 3860 564 3931 7.
590 3841 627 3913 dt
655 3840 744 3934 seqq.

113 3928 117 3935 ’
170 3935 231 4006 Xl.
259 3933 343 4009 Vno
355 3933 483 4029 socialis
507 3940 630 4011 cultata
651 3935 710 4032 (ut
739 3935 857 4024 eonfiat
880 3961 919 4007 ert
941 3942 1114 4012 rationibur

113 4033 225 4105 allatis
268 4034 385 4127 Suppl.
422 4033 465 4103 ll.
505 4034 636 4137 5513.
673 4034 712 4107 δι
745 4035 864 4130 seqq.)
891 4037 987 4126 ineu
1016 4037 1112 4131 confi.

110 4131 195 4229 stit,
221 4133 297 4225 quari
319 4135 443 4226 quisque
471 4132 537 4225 Jus
553 4133 649 4227 snum
672 4135 718 4203 ita
742 4150 893 4218 tuentur,
918 4152 953 4204 ut
974 4139 1112 4226 cujusvis

114 4227 239 4324 Jnrr's‚
254 4226 423 4321 secundum
446 4235 605 4306 naturalis
621 4229 829 4402 AEqolalitatis
855 4233 1028 4329 hypotlejin
1053 4237 1112 4305 alii

328 4372 332 4376 «
644 4331 694 4402 Ll
740 4348 759 4422 3
1043 4335 1124 4408 tui·-
