3034 5509
403 618 458 678 sn
491 600 590 674 surr.
622 544 909 681 Purauuonr.
941 598 1035 673 Lrs.
1066 603 1096 678 1.
1164 620 1241 699 951

255 784 339 840 ritum
362 776 470 845 reddit‚·
500 776 555 835 sve
578 775 611 834 fit
630 772 779 845 praesiitum
801 774 885 848 quid,
912 772 970 831 five
995 775 1240 853 minus:·e.·g.fi

254 855 409 934 persuasus,
440 870 485 912 me
501 854 568 927 equi
593 851 856 921 lactentumque,
886 851 973 908 alium
996 855 1130 922 emerim,
1152 874 1240 931 quem

252 936 322 992 citra
337 933 394 988 hoc
409 943 534 988 emtutus
554 945 611 986 non
629 927 751 986 sueram:
773 941 941 1002 recuperato
955 926 1047 986 forsan
1062 947 1140 1005 equo
1156 950 1239 1007 meo,

251 1009 439 1069 venditorem
458 1004 562 1064 deinde
591 1003 626 1061 ad
648 1002 841 1076 recipiendum
869 1003 1006 1074 alterum,
1032 1010 1162 1079 quamuis
1182 1027 1238 1070 nec

251 1086 369 1146 traditus
384 1100 495 1156 equus,
515 1098 571 1138 nec
588 1079 710 1137 solutum
731 1091 904 1139 conventum
920 1080 1041 1154 pretium
1056 1081 1158 1150 fuerit.
1180 1086 1238 1145 adi-

250 1181 317 1235 gere
333 1177 391 1220 non
408 1157 537 1231 possum,
564 1155 701 1221 nisiinter
722 1155 947 1217 contrahendum
968 1157 1070 1218 diserte
1089 1157 1236 1234 stipulatus

250 1239 314 1305 finr.
331 1253 383 1296 nec
399 1236 488 1294 solum
503 1251 553 1307 per
579 1229 956 1292 modum‘eonfabulationis
975 1250 1030 1306 prae
1045 1238 1235 1308 metulerlm,

250 1315 376 1374 mesdeo
402 1323 510 1372 tantum
530 1326 624 1368 emere
639 1308 717 1371 hunc
732 1325 861 1381 equum.
883 1309 962 1383 quod
978 1311 1119 1384 perditum
1140 1330 1237 1377 meum

249 1393 448 1467 supponerem.
489 1385 579 1455 Vide,
602 1402 664 1460 que
683 1385 742 1446 disi
761 1386 797 1443 ad
810 1387 834 1462 J.
850 1386 890 1444 N.
908 1386 984 1444 erc.
1005 1389 1051 1444 lib.
1067 1387 1119 1445 sss.
1136 1402 1191 1464 cop.
1207 1401 1235 1454 6.

247 1468 273 1543 ς.
296 1483 321 1537 7.
342 1477 393 1522 aut.
416 1481 442 1523 2.
463 1464 547 1522 Unde
564 1463 643 1520 nullo
656 1462 755 1520 nititur
771 1462 958 1522 fundamento
973 1462 1113 1523 distinslio
1132 1467 1238 1527 siut‘to·

249 1545 307 1612 ris,·
323 1553 401 1616 prum
419 1540 556 1598 terodduo
570 1541 675 1616 integra
689 1538 741 1616 fit,
763 1552 810 1599 avt
824 1541 927 1596 minus:
951 1542 1087 1614 quoniam
1109 1557 1236 1603 conven-

250 1620 303 1686 tio.
329 1619 347 1676 sr
362 1618 466 1692 aliquid
483 1615 625 1676 essentiale
639 1615 779 1674 adsestum
795 1616 843 1685 srt,
873 1616 981 1691 semper
997 1617 1074 1674 uuila
1093 1615 1236 1679 efficitur:

249 1699 325 1754 utie
347 1695 491 1755 contrario
520 1693 626 1764 semper
649 1692 741 1750 valida
763 1693 816 1759 est.
845 1693 894 1750 ubi
913 1709 1009 1760 error,
1042 1692 1091 1766 qui
1108 1692 1143 1750 ad
1163 1698 1237 1767 paci·

248 1771 381 1832 scendum
402 1784 451 1836 aut
470 1769 695 1830 contrabendum
717 1771 843 1844 impulit,
877 1767 948 1828 nibil
962 1769 1046 1846 patio
1060 1783 1108 1828 aut
1126 1785 1238 1831 contra-

246 1849 301 1907 siui
328 1847 469 1906 essentiale
492 1845 621 1916 adtingit.

284 1925 346 1983 nun
359 1936 412 1982 tom
430 1926 459 1982 ob
480 1918 618 1996 errorem}
637 1946 640 1951 ’
656 1922 727 1981 Haec
746 1922 821 1980 ratio
838 1932 881 1981 ert
892 1924 998 1996 priori,
1013 1934 1052 1983 ut
1066 1923 1241 2001 isquet,·se·v

246 2003 362 2077 quitur:
383 2000 513 2072 adeoque
527 1999 637 2072 opponi
652 1999 775 2061 Invicem
791 2017 851 2059 non
869 1999 1037 2059 debuissent.
1240 2067 1242 2069 ,

279 2078 337 2158 Qui
353 2078 483 2137 sedendus
493 2073 617 2209 furrata.
656 2074 770 2149 sussum
786 2078 827 2134 esi
843 2075 969 2147 nullum,
997 2077 1016 2134 st
1034 2076 1169 2152 deceptus
1184 2080 1232 2151 id,

244 2157 319 2212 eirea
341 2157 419 2228 quod
433 2169 585 2212 erratume
624 2152 795 2224 ,precipue
815 2154 853 2210 ub
873 2155 974 2211 oculos
997 2155 1135 2214 habuerit.
1176 2161 1232 2216 Ve·

242 2249 303 2290 rum
320 2232 339 2288 fi
353 2231 422 2290 illud
438 2229 525 2300 ipsum
540 2244 599 2285 non
619 2226 757 2299 precipue
773 2230 812 2291 ob
831 2229 932 2290 oculos
957 2230 1103 2288 habuerit:
1125 2234 1233 2292 tametsi

241 2308 308 2364 alias
329 2305 481 2369 maluisset,
502 2320 561 2361 rem
582 2303 666 2362 talem
688 2303 765 2370 esse,
787 2317 871 2376 quum
891 2303 1032 2360 eredidit:
1064 2304 1180 2364 subssslit
1197 2321 1235 2365 ta·

242 2398 307 2440 men
328 2380 508 2447 coquendos
535 2396 568 2435 ac
581 2379 625 2447 jus
641 2388 748 2438 tuntum
771 2378 857 2447 habet
876 2379 1074 2451 pensationem
1090 2382 1230 2452 descetus,

183 2520 185 2527 ,
240 2475 326 2528 quem
342 2473 400 2513 non
420 2469 610 2532 praecaverut,
633 2453 777 2525 exigendi.
816 2453 891 2511 Vide
908 2471 972 2528 quae
988 2454 1048 2512 dixi
1061 2454 1096 2513 ad
1109 2457 1132 2531 J.
1147 2461 1189 2518 N.
1204 2459 1231 2518 dt

240 2534 278 2590 G.
298 2536 343 2592 lib.
365 2533 418 2590 sss.
438 2546 491 2606 cup.
513 2538 540 2590 ὁ.
560 2531 584 2605 s.
610 2547 633 2587 r.
653 2542 705 2587 aot.
726 2548 753 2601 4.
777 2547 805 2602 5.
849 2531 882 2589 E.
905 2547 934 2603 g.
957 2533 975 2590 sr
1001 2530 1064 2606 quis
1087 2539 1169 2593 erutis
1196 2555 1232 2594 ω·
1299 2603 1301 2607 ,

187 2612 190 2623 “
239 2607 322 2665 dibus
351 2609 513 2682 intelligat,
536 2607 660 2681 aliquem
675 2605 780 2665 ibidem
794 2608 838 2677 J'us
858 2605 1020 2684 ususfrusins
1039 2607 1161 2681 habere,
1182 2625 1231 2671 aut

238 2683 413 2746 habitationis
437 2686 465 2743 in
487 2684 627 2756 aliquibus
650 2685 857 2743 conclavibus:
890 2686 947 2743 boc
967 2683 1231 2748 addissolverrdum

240 2765 354 2841 penitus
386 2761 561 2822 neutralium
582 2756 699 2826 sufficit3
715 2761 791 2833 ,quia
813 2761 976 2836 quicunque
996 2760 1145 2836 adquirere
1164 2783 1231 2834 pro·

239 2841 388 2923 prietatem
410 2839 509 2898 edium
541 2836 620 2906 vult,
654 2837 819 2910 regulariter
841 2838 973 2896 omnibus
999 2839 1096 2896 burum
1126 2843 1229 2902 aedium

239 2917 423 2975 conclavibus
444 2913 657 2971 accommodis
679 2913 735 2971 srui
757 2913 888 2973 intendit.
938 2916 977 2980 At
992 2915 1164 2987 deprehensa
1178 2919 1228 2976 ali·

237 3008 313 3065 qua,
343 2991 491 3065 praesertirtr
517 3007 574 3046 non
601 2990 676 3047 adeo
697 2988 942 3066 gravis.servitus
965 2991 1034 3066 saepe
1051 2997 1225 3053 contrabium
1329 3048 1333 3065 ,

236 3069 362 3126 validum
390 3069 551 3139 relinquere
571 3066 680 3139 potest,
711 3083 744 3123 ac
764 3067 808 3136 jus
831 3082 939 3126 tantum
962 3072 1105 3136 tribuere,
1141 3074 1229 3147 pretii

238 3143 465 3204 smmInutlonem
481 3144 614 3215 petendis
644 3142 690 3200 ubi
712 3143 782 3199 nihil
805 3142 906 3203 die'trrm
925 3145 972 3212 srt,
999 3161 1035 3202 ert
1060 3163 1120 3220 quo
1141 3149 1225 3223 adpo.

237 3235 315 3293 reat,
347 3220 419 3278 aedes
454 3220 488 3276 ab
520 3220 598 3276 omni
625 3216 758 3277 servitute
784 3219 922 3279 immunes
950 3220 1102 3294 suppositas
1133 3224 1223 3284 fuisse.

236 3298 375 3377 Quamvis
402 3297 477 3355 enim
503 3296 613 3353 vicinus
642 3313 666 3351 e.
687 3313 713 3369 g.
740 3294 902 3355 facultatem
930 3298 1020 3355 eundi
1041 3314 1091 3368 per
1107 3313 1222 3368 partem

234 3373 331 3449 predii
344 3373 401 3430 mei
413 3373 531 3428 babeat:
551 3388 609 3428 nun
626 3370 691 3428 ideo
709 3373 801 3427 minus
815 3370 897 3440 liuius
913 3373 1000 3445 partis
1023 3370 1049 3425 de
1067 3372 1136 3428 mibi
1157 3378 1221 3431 usus

235 3461 322 3524 patet.
361 3448 448 3506 Unde
469 3445 552 3504 facile
574 3446 738 3518 presumere
759 3444 842 3512 licet.
864 3463 925 3510 me,
947 3445 995 3502 etsr
1014 3444 1058 3501 de·
1071 3447 1223 3506 bacsetvi·

236 3535 298 3583 tute
315 3521 493 3588 constitisset,
522 3538 581 3580 uon
598 3534 693 3579 tumen
713 3521 748 3576 ab
765 3521 893 3578 emendis
909 3521 1017 3582 olidus,
1036 3521 1221 3588 desiitutums

233 3601 282 3662 sed
309 3601 366 3656 boc
389 3599 490 3656 intuitu
517 3596 622 3671 aliqum
651 3609 759 3654 tantum
790 3595 826 3654 de
854 3599 947 3670 pretio
975 3600 1225 3663 cum·venditore

233 3674 387 3736 constituto
401 3673 590 3732 detrusimum
611 3671 700 3731 fuisse.
738 3672 874 3732 Ceterum
897 3676 925 3730 in
947 3676 1079 3732 omnibus
1103 3677 1157 3734 illis
1177 3696 1221 3747 em,

232 3754 324 3821 sibus,
340 3754 389 3826 qui
411 3749 446 3807 ad
470 3751 581 3808 tertiam
602 3748 675 3808 hanc
690 3749 815 3824 tegulam
838 3749 1012 3819 referuntur,
1035 3752 1218 3826 supponitur,

233 3844 368 3888 uneutto
382 3825 610 3886 contrabentium
626 3826 724 3884 dolum
743 3826 798 3892 esse
819 3826 992 3884 adhibitum:
1014 3830 1093 3900 quod
1113 3828 1134 3885 fi.
1146 3832 1225 3899 euim„

234 3907 396 3964 alterutrius
411 3902 485 3959 stans
508 3902 711 3962 intervenerit:
732 3920 767 3964 ex
785 3903 887 3973 regulis
905 3903 1045 3975 sequentis
1062 3904 1088 3977 s
1110 3904 1146 3962 de
1163 3906 1224 3976 buc

234 3982 319 4041 suerit
330 3978 521 4051 judicandum.
563 3979 622 4054 Jam
639 3989 732 4036 autem
745 3978 899 4051 aliquando
912 3994 1032 4050 uterque
1047 3983 1222 4045 contrahens

233 4059 381 4116 bonafide
398 4067 494 4114 errat:
521 4054 672 4129 aliquando
696 4053 768 4113 aiter
786 4068 924 4112 tuntum·
948 4054 1029 4111 Prior
1049 4056 1127 4114 casus
1148 4075 1216 4115 eon·

233 4134 316 4202 tingit
330 4137 401 4192 circa
417 4148 479 4203 res,
500 4147 618 4204 quarum
635 4131 800 4202 qualitatem
820 4142 866 4187 aut
888 4131 1008 4201 pretium
1031 4146 1132 4191 neuter
1148 4151 1217 4191 eun·

234 4206 472 4270 trabentiumsite
491 4209 566 4268 valet
582 4207 765 4345 dignoserge:
785 4217 816 4264 ut
833 4206 852 4264 fi
867 4209 929 4282 quis
947 4207 1105 4281 lapillorum
1129 4209 1218 4297 impe.

235 4314 239 4323 ι
713 4297 824 4354 „004
1133 4301 1221 4354 ritus¹
