3034 5509
250 653 321 728 992
388 623 1116 712 Errsronicerrsoarallrrourrrr

252 808 342 874 beat:
363 804 448 892 quod
468 822 511 868 ex
535 800 625 868 renis
647 798 811 884 principiis
835 797 1055 867 conclusiones
1074 801 1181 868 veluti
1199 800 1257 870 filo

251 891 406 955 deducat:
437 888 523 970 quod
546 883 750 949 fundamenta
774 881 934 948 aslionum
957 882 1258 971 exceptionumquc

252 990 365 1039 natura
381 969 554 1034 validarum
570 968 712 1032 omnium
729 964 842 1029 ordine
865 963 1062 1032 constituat:
1084 969 1175 1050 quod
1200 971 1255 1032 dea

177 1058 182 1067 '
252 1056 346 1136 nique
366 1051 504 1119 scientiae
527 1050 661 1114 alumnis
682 1064 803 1112 certam
829 1051 984 1114 rationem
1010 1049 1152 1131 praebcat
1197 1073 1256 1116 rae·

251 1134 390 1201 termille
417 1132 598 1219 supplendi,
624 1131 808 1224 oblatasque
824 1128 1012 1216 quaestiones
1031 1131 1144 1214 perse
1188 1136 1255 1198 ecia

250 1217 343 1283 dendi
371 1219 577 1284 determinata
604 1213 735 1295 quadam
759 1231 821 1278 vra.
869 1212 953 1278 Haec
968 1217 1092 1281 enima
1115 1213 1257 1283 scientia

253 1299 442 1368 absoluta&
464 1302 524 1366 rite
540 1295 653 1362 tradita
673 1293 847 1380 exspectari
864 1295 992 1362 debent.

249 1485 257 1519 t
290 1469 430 1541 Optarem
452 1483 520 1542 ego,
550 1480 608 1522 non
632 1462 741 1537 gravari
763 1462 946 1536 Anonymum
972 1462 1076 1538 ipsum,
1104 1464 1255 1534 ejusmodi

258 1563 331 1623 opus
347 1549 498 1612 emittere,
526 1540 610 1615 quale
625 1542 746 1614 probum
768 1539 912 1596 Naturalis
926 1539 998 1614 Juris
1020 1541 1141 1615 syllemn
1167 1545 1258 1601 debe.

253 1643 286 1685 re
300 1621 356 1681 esse
375 1623 532 1679 arbitratur.
552 1615 730 1688 Conceptum
752 1617 848 1673 animo
865 1616 1008 1689 exemplar
1025 1617 1157 1676 omnium
1179 1622 1256 1693 opii.

253 1716 301 1761 me
320 1696 418 1770 procul
434 1693 523 1753 dubio
539 1691 652 1767 exsequi
666 1690 793 1750 valuerit.
833 1692 943 1748 Vereor
963 1692 1083 1762 saltem,
1110 1711 1150 1752 ne
1167 1699 1255 1754 ratio-

253 1793 292 1836 ne
313 1774 439 1833 abimum
470 1771 694 1844 exceptionumque
721 1778 818 1827 nutura
849 1767 1021 1839 validarum,
1047 1786 1170 1844 quarum
1195 1790 1253 1831 am.

253 1852 403 1929 plislirnum
426 1849 591 1922 supponere.
613 1859 758 1903 numerum
798 1844 934 1910 videtur,
966 1847 1038 1920 Juris
1069 1845 1173 1905 Civilis
1201 1850 1252 1907 Ro-

253 1930 326 1986 mani
367 1926 532 1982 subtilitates
568 1938 631 1980 cum
668 1919 844 1992 simplicitate
881 1919 1024 1981 Naturalis
1070 1922 1147 2000 Juris
1183 1942 1256 1982 con·¹

255 2001 369 2062 fundat.
416 1997 581 2056 Cavendum
614 2008 732 2069 quoque
766 1994 875 2059 suerit,
898 2010 933 2053 ne
961 1997 1036 2055 idern
1068 1998 1160 2072 ipsum
1186 2000 1251 2060 heic

254 2079 287 2138 s1t
303 2074 504 2142 successurum,
525 2070 604 2146 quod
620 2072 746 2134 homini,
768 2071 817 2142 qui
831 2070 973 2144 aliquibus
997 2072 1150 2132 solidarum
1164 2077 1251 2145 alias.

255 2172 289 2212 ac
312 2154 365 2210 rite
389 2151 566 2208 conditarum
588 2147 688 2205 aedlum
714 2143 839 2205 offensus
876 2145 1046 2217 defectibus,
1068 2152 1136 2209 dum
1161 2154 1250 2210 corri.

255 2229 356 2307 gendis
375 2241 521 2298 utcunque
543 2223 652 2281 levibus
672 2225 756 2281 naevls
776 2221 842 2280 dare
864 2238 980 2296 operam
1001 2223 1159 2295 debuisset,
1183 2227 1251 2300 deji-

256 2322 323 2366 cere
344 2308 438 2379 potius
461 2314 551 2359 toturn
572 2300 746 2363 edificium,
769 2314 935 2373 novumque
957 2302 986 2359 in
1010 2302 1107 2364 multis
1138 2304 1253 2366 tandem

256 2382 344 2458 longe
357 2377 486 2440 vitiosius
502 2374 645 2435 exstruere
662 2373 823 2434 instituerit.

297 2540 348 2626 *§.
372 2535 429 2605 lll.
464 2536 508 2630 Et
527 2535 592 2600 tale
612 2534 730 2683 aliquid
753 2529 906 2622 potuisset
927 2539 966 2604 ab
990 2536 1250 2625 incomparabilis

255 2618 390 2691 Gnoru
411 2620 532 2701 iudicio
559 2617 653 2683 &do
687 2637 753 2686 rma
762 2637 857 2698 ,unt
883 2641 901 2685 a
931 2619 1094 2704 profundo
1121 2622 1251 2690 Honrrrr

253 2707 383 2792 ingenio
404 2699 566 2787 praestari:
603 2700 659 2767 nisi
681 2701 771 2768 illum
792 2703 893 2770 multa
915 2703 1157 2785 distraxissent3
1197 2707 1250 2772 bic

254 2809 333 2855 vero
361 2805 457 2873 prava
487 2781 697 2851 constituisset
720 2786 899 2871 principia,
928 2788 1028 2868 iisque
1051 2787 1148 2856 nimis
1169 2808 1248 2855 con·

250 2874 368 2942 stanter
391 2866 562 2935 institisset.
605 2867 746 2933 Meliora
770 2868 888 2948 etiam,
917 2888 1012 2951 quam
1036 2872 1138 2955 vulgo
1154 2871 1248 2937 habe*

251 2977 340 3031 mus,
372 2951 561 3034 &pleniora
608 2948 736 3013 oruislet
761 2948 968 3016 Frrnmns:
998 2951 1198 3039 fringenium
1218 2958 1251 3025 bt

248 3035 424 3106 doctrinam
440 3033 557 3114 maiore
601 3030 675 3096 udin
692 3032 726 3097 in
741 3033 807 3098 tale
820 3051 901 3117 opus
920 3032 1071 3102 conferre
1087 3038 1249 3106 voluisset.

290 3202 361 3265 Non
378 3201 441 3261 satis
458 3197 527 3258 milri
548 3197 663 3256 ultimus
681 3198 796 3258 isinrunr
815 3199 971 3262 Austorum
987 3204 1133 3274 innotuit,
1153 3217 1185 3265 ut
1209 3206 1251 3265 dl·

250 3280 379 3354 judicnre
398 3280 495 3345 liceat,
515 3292 582 3334 num
599 3278 630 3332 iis
648 3275 786 3335 celebrari
808 3280 946 3337 encomiis
968 3293 1134 3342 mereatur:
1154 3300 1249 3359 neque

253 3360 433 3421 exploratum
450 3357 524 3414 bene
541 3354 653 3421 habeo,
673 3369 707 3410 an
719 3353 766 3427 (r)
786 3369 836 3424 ea,
858 3371 921 3429 quae
934 3358 961 3414 in
973 3357 1122 3416 Grorruu
1140 3359 1249 3428 edidit,

253 3447 364 3496 tantum
381 3429 561 3502 depeculiari
578 3427 661 3504 ipsius
683 3429 716 3486 ad
733 3428 948 3502 producendum
966 3431 1155 3493 desideratum
1172 3452 1249 3509 opus

253 3506 534 3584 aptitudine,facere
550 3504 622 3578 spem
632 3507 789 3576 potuerint.
810 3507 897 3584 Quorl
907 3506 940 3564 ad
954 3511 1106 3570 Grorrura
1123 3512 1251 3573 adtinet:

252 3586 410 3646 meminisse
432 3598 481 3654 par
501 3583 601 3646 suerit,
621 3581 708 3656 ipsum
730 3582 851 3656 primunr
871 3585 1010 3654 extitisse,
1030 3591 1080 3662 qui
1102 3586 1250 3648 scientiam

251 3677 336 3721 antea
350 3674 451 3736 praeter
479 3655 595 3716 modum
621 3657 784 3728 confusam,
802 3657 1016 3738 spissillimlsque
1040 3663 1136 3737 sepius
1156 3664 1252 3722 obdu.

134 3811 138 3819 ι
203 3800 205 3805 ,
251 3741 324 3798 stam
339 3733 479 3801 tenebris,
500 3734 527 3789 in
545 3732 658 3806 sprstema
677 3732 835 3809 redegerim
856 3736 929 3795 adeo
943 3751 974 3797 ut
989 3739 1040 3798 vix
1055 3737 1156 3797 melius
1179 3739 1249 3798 sane

253 3815 305 3874 Vir
325 3815 475 3874 Summus.
494 3808 645 3883 presertim
661 3825 715 3880 qun
743 3821 826 3869 aetate
850 3813 939 3881 vixit,
958 3817 1093 3889 potnerit.
1134 3814 1184 3873 Nil
1207 3829 1249 3873 ta·

252 3906 320 3955 men
335 3888 444 3958 obstat,
463 3885 618 3963 quominus
639 3885 777 3948 eximium
796 3888 857 3961 eius
882 3905 954 3967 opus
982 3889 1014 3950 de
1032 3889 1107 3972 Jure
1124 3893 1248 4026 ⁸2¹⁸?

1170 3986 1249 4043 am)

170 4163 175 4173 ·
285 4145 309 4210 ς.
322 4147 365 4195 lll.
394 4145 455 4207 (r)
471 4146 577 4195 stitture
594 4147 619 4193 ln
639 4146 741 4195 Graiium
757 4143 802 4196 &a
829 4144 887 4195 lloc
911 4160 999 4211 opus,
1023 4146 1127 4208 ejusque
1152 4145 1258 4198 Aufloe

253 4209 419 4273 peritioribus
437 4221 468 4255 ex
483 4210 535 4268 ipsc
552 4221 624 4259 cerie
640 4212 701 4257 baud
718 4211 751 4258 itu
770 4210 795 4258 se
811 4212 956 4268 adprobant.
989 4211 1051 4261 Wde
1066 4211 1189 4270 sziflarle·
1207 4214 1257 4276 Je-

253 4277 289 4325 eir
305 4274 427 4321 Naturalis
446 4274 495 4320 Du.
519 4273 621 4321 llunnnr
638 4274 660 4335 ς.
683 4286 723 4329 27.
745 4286 799 4329 que
814 4275 936 4333 premitur
957 4276 991 4323 eii
1014 4276 1068 4334 eius
1083 4278 1172 4327 &heir
1194 4277 1260 4343 yur,

255 4338 316 4395 Nar.
331 4336 357 4384 i?
372 4337 440 4388 carr.
453 4335 477 4383 br
495 4335 654 4392 eranum·-
671 4338 740 4400 Jurls
754 4336 806 4390 Dra.
820 4340 925 4392 sruuru
943 4334 966 4402 p.
980 4341 1036 4398 256.
1053 4338 1148 4400 sitiit.
