3034 5509
267 640 341 722 844
432 631 512 705 De
563 632 845 704 Ouutcto
896 630 1137 706 Civtsw

265 804 327 901 ipsi
358 826 492 902 quoque
526 803 657 875 homini
687 804 813 876 bellum
852 804 918 899 (e)
953 803 992 877 fit
1017 805 1181 893 licitum,
1223 805 1264 882 ἃ

266 907 471 996 quaudoque
498 900 741 989 necessatium,
777 904 911 996 quando
935 925 1059 996 nempe
1083 927 1144 996 per
1171 904 1260 977 aite-

266 1002 335 1072 tius
358 1000 517 1070 malitiam
546 999 830 1085 montiferum,
866 1020 923 1069 aut
941 1003 1018 1093 jure
1046 1001 1165 1070 nolito
1190 1025 1257 1093 po-

266 1098 342 1182 titi,
369 1099 450 1166 citra
469 1100 541 1166 uim
557 1099 765 1185 adhibitam,
794 1098 980 1190 nequimus·
1040 1099 1076 1168 lu
1095 1122 1163 1192 quo
1180 1099 1258 1192 ipso

264 1213 379 1266 tamen
407 1196 601 1287 prudentia,
639 1194 677 1266 dt
705 1196 896 1266 humanitas
925 1194 1060 1282 suadet,
1088 1217 1122 1264 ut
1142 1218 1187 1265 tte
1211 1200 1257 1269 ad

263 1314 356 1363 arma
373 1314 491 1363 eamus
507 1347 516 1380 ,
531 1294 587 1364 ubi
603 1316 645 1364 eit
666 1293 861 1387 injuriatum
882 1288 1076 1363 nostrarum
1095 1293 1258 1385 persecu·

1160 1409 1260 1464 tione

262 1647 365 1696 natcltiis
406 1651 525 1709 pleraque
566 1649 630 1697 ltella
669 1648 739 1697 oriri.
757 1643 849 1706 mut,
873 1660 926 1706 qne
955 1644 1088 1704 respiciunt
1108 1656 1149 1692 aut
1171 1648 1256 1706 impe.

262 1711 339 1758 luem.
392 1752 394 1757 .
771 1710 846 1757 remis
871 1709 1062 1759 &subditotum
1079 1721 1175 1759 mutuas
1191 1714 1258 1758 obli·

294 1773 343 1834 (a)
368 1777 457 1820 Homini·
482 1774 590 1835 lelium}
629 1775 686 1821 Non
705 1776 738 1821 cst
770 1775 880 1830 gationes
902 1774 969 1820 circa
993 1773 1167 1826 bellum,eut
1191 1776 1259 1820 obli·

260 1835 300 1882 ltic
327 1841 397 1882 lucus
425 1838 544 1894 generalis
566 1846 596 1883 tte
614 1839 674 1884 Bello
694 1839 738 1884 do·
770 1836 893 1893 titionum
922 1849 954 1882 eu
984 1834 1159 1892 pertinentium
1189 1837 1257 1883 inter

261 1896 346 1945 ottiuae
368 1903 552 1954 proponendos:
580 1912 608 1946 eu
632 1902 737 1957 petenda
771 1911 815 1944 eos
832 1898 1078 1945 communicationem
1095 1929 1104 1954 ,
1120 1908 1163 1952 aut
1182 1898 1257 1945 deni.-

262 1961 297 2005 eii
311 1974 342 2007 ux
357 1964 396 2007 lib.
414 1962 433 2008 1.
453 1977 471 2008 c.
491 1973 513 2013 s.
546 1962 595 2008 Ubi
615 1960 671 2008 licet
688 1965 736 2010 llu-
771 1972 819 2018 que
841 1960 966 2018 ptlvilegio
988 1962 1047 2022 Jute
1073 1960 1192 2007 Gentium
1209 1975 1258 2007 νο-

261 2020 317 2068 ἐὶοτ
333 2027 363 2069 de
381 2023 431 2069 sola
446 2024 571 2086 Definssone
592 2029 739 2081 egetit‚nos
770 2025 874 2072 luntario
893 2025 922 2071 iis
948 2024 1057 2084 indulta,
1079 2020 1120 2078 qui
1142 2023 1257 2073 adhibitis

261 2097 344 2132 tamen
369 2087 399 2130 ad
419 2087 440 2146 ς.
460 2097 498 2141 17.
524 2093 642 2134 nonnulla
660 2088 738 2143 subje-
770 2085 856 2133 debitis
881 2085 1065 2134 solennitatibus
1086 2082 1152 2130 bella
1166 2099 1257 2142 gerunt

261 2148 387 2195 cimusde
406 2151 514 2195 violenta
534 2149 645 2205 suijuris
662 2151 738 2210 Profa·
771 2147 915 2196 auctoritate
944 2150 1096 2195 Summarum
1125 2148 1258 2206 impetan-

260 2213 363 2270 cutiono,
387 2222 460 2267 quam
483 2211 573 2259 ibidem
600 2215 739 2262 monuimus
771 2212 832 2258 tium
852 2211 884 2265 ,in
906 2210 1078 2268 Civitatibus,
1102 2221 1158 2266 quae
1189 2215 1259 2270 apud

261 2275 291 2321 ad
310 2276 415 2321 eundem
426 2277 507 2321 locum
522 2275 738 2333 pertinetetquae·
769 2274 865 2322 vicinas
894 2277 986 2323 Gentes
1007 2286 1054 2330 pto
1079 2273 1169 2320 talibus
1186 2288 1256 2324 notae

259 2348 309 2394 que
324 2338 374 2383 lllic
388 2339 418 2384 de
437 2337 543 2384 violenta
561 2339 604 2385 seu
619 2340 738 2387 desenilo·
771 2338 825 2386 sunt
841 2349 914 2394 atque
930 2337 1024 2394 agnitae.
1057 2335 1189 2387 Csunttce.

258 2412 311 2453 ne,
330 2398 371 2448 seu
385 2399 576 2457 prosecutione,
588 2401 650 2449 dista
667 2404 737 2462 suut,
798 2401 858 2460 Qun
870 2401 940 2458 iitpre
953 2401 1047 2449 detute
1065 2398 1090 2443 se
1104 2399 1257 2454 defendendi

260 2475 293 2508 ex
308 2475 380 2520 nequo
404 2466 489 2510 lucum
512 2466 618 2524 liabent,
636 2468 683 2512 sive
701 2466 737 2512 in·
770 2473 855 2509 contra
881 2461 994 2519 injuiium
1017 2461 1156 2507 insanirem
1181 2465 1204 2510 bt
1222 2469 1257 2513 do

259 2536 299 2571 tet
314 2528 415 2584 fingulos
432 2527 570 2581 Homines,
587 2527 611 2573 itt
622 2528 682 2576 statu
702 2529 738 2573 itt-
770 2526 894 2583 inculpata
907 2528 980 2572 tutela
990 2521 1054 2571 dista
1065 2524 1132 2580 suut,
1149 2537 1178 2570 ea
1190 2539 1256 2584 quo·
1296 2525 1300 2534 '

258 2587 340 2634 uicem
361 2589 463 2635 naturali
486 2589 620 2646 viventes,
639 2591 738 2638 mein-
769 2600 818 2645 que
841 2589 998 2636 fundamenta
1018 2586 1083 2641 jutis
1117 2587 1176 2633 belli
1203 2591 1254 2638 esse

259 2661 298 2696 tet
319 2652 452 2698 Hominum
473 2652 664 2711 multitudines,
686 2666 737 2701 eas·
769 2651 870 2700 debent.
919 2651 993 2697 Nulla
1020 2650 1085 2696 euim
1115 2649 1256 2703 disserentis

259 2724 309 2770 que
331 2718 372 2761 vel
394 2715 507 2769 simplicis
526 2715 591 2771 patii
609 2716 738 2772 obligatio·
768 2712 828 2770 iuris
853 2714 992 2770 inducitur,
1012 2713 1061 2759 sivo
1088 2713 1181 2761 bellum
1205 2729 1254 2772 pu.

258 2788 311 2835 ne,
328 2780 368 2823 uei
388 2789 453 2823 nexu
474 2777 596 2835 Imperii,
613 2780 738 2826 combina-
771 2777 862 2823 blitum
885 2779 910 2822 stt
930 2776 993 2823 inter
1015 2774 1166 2832 respublicas
1188 2777 1255 2826 libe.

259 2849 316 2897 tas,
341 2849 464 2884 certamen
490 2837 551 2886 fiat:
578 2841 642 2887 uude
664 2842 686 2886 bt
709 2841 738 2888 ab
771 2852 826 2895 tiss
850 2839 899 2886 tlte
922 2842 1043 2896 privatum
1060 2840 1085 2884 in
1104 2838 1164 2886 statu
1181 2851 1253 2890 natu·

258 2901 371 2947 omnibus
386 2901 516 2948 istiusmodi
533 2901 738 2950 differentiisebs-
771 2903 815 2948 tali
839 2900 901 2946 inter
921 2904 984 2950 duos
1006 2902 1116 2949 homines
1138 2904 1257 2955 liberosa

172 2983 175 2986 ·
258 2965 330 3009 ttaitit
356 2963 458 3014 genuina
483 2964 541 3009 Belli
558 2967 645 3022 notio,
665 2977 738 3024 prout
769 2974 822 3011 non
841 2961 911 3021 juta,
928 2977 978 3010 non
1001 2963 1146 3012 defenstonis
1175 2965 1254 3014 libet·

258 3025 281 3073 iti
294 3028 318 3071 in
333 3027 398 3088 Juvt's
409 3026 530 3071 Naturalis
543 3026 669 3081 disciplina
680 3042 738 3075 con·
770 3024 869 3082 tas,setl
883 3027 1005 3073 vocabula
1016 3026 1140 3074 disserunt.
1159 3027 1254 3088 Quem.

259 3090 390 3142 deleratur,
409 3090 673 3142 quouidcitcocruto
697 3093 739 3138 de·
770 3092 899 3136 admodum
931 3103 988 3147 ergo
1020 3089 1173 3145 insuetum
1199 3106 1254 3143 non

257 3149 341 3198 finitur
363 3154 401 3197 lib.
425 3151 444 3195 1.
470 3162 516 3210 cop.
538 3163 557 3199 t.
580 3153 601 3212 §.
623 3167 645 3199 2.
665 3155 740 3201 status
770 3155 901 3210 ptaecipit,
919 3151 960 3200 sed
980 3154 1121 3210 permittit,
1149 3165 1176 3200 ut
1199 3169 1253 3205 nos

250 3217 521 3275 pertinentissime»,
539 3229 581 3274 qua
602 3219 738 3275 saloissam
770 3228 825 3263 cum
851 3217 919 3263 cede
947 3217 1047 3263 alterius
1070 3214 1253 3278 defendamus,

256 3277 310 3324 setis
324 3277 422 3333 quidem
442 3288 514 3334 aute,
534 3280 550 3322 li
563 3279 683 3326 addidisset
693 3281 738 3342 Ju·
769 3280 785 3324 st
809 3280 874 3324 nulls
907 3278 954 3326 alia
976 3277 1119 3325 adminicula
1143 3279 1252 3333 subsuta

255 3345 315 3387 rium
333 3340 416 3397 causa,
434 3352 459 3386 ιιι
479 3341 638 3388 excludamur
657 3355 735 3389 cetta-
769 3341 801 3388 ita
827 3341 967 3397 quoquest
986 3341 1053 3389 bellu
1080 3354 1119 3388 tes
1142 3342 1255 3391 selehe-

256 3404 322 3450 mint
341 3403 451 3448 exercuti
471 3404 511 3447 vel
535 3407 639 3460 qttaeilus
664 3404 735 3451 causa
768 3405 825 3451 bet:
843 3407 931 3460 qttuda
945 3402 998 3459 jure
1014 3415 1169 3451 nstutaenun
1186 3419 1252 3464 prt-

255 3465 367 3513 inilitutt.
394 3467 452 3512 Titio
469 3464 567 3520 quidem
579 3500 586 3523 ‚
598 3470 657 3516 licet
668 3469 733 3515 iilam
755 3465 874 3523 eluitur,
893 3466 934 3513 sed
956 3465 1117 3524 permultum
1135 3469 1252 3527 adeoque

174 3545 176 3549 ·
255 3528 417 3576 disserentium
438 3529 590 3587 includenti‚
609 3533 678 3578 aliam
700 3545 734 3577 ta·
766 3529 804 3584 jus
821 3531 879 3576 belli
895 3543 944 3575 nott
959 3533 1114 3587 nmatlegcm
1130 3543 1171 3577 attt
1185 3546 1252 3588 prae·

256 3604 313 3638 men
329 3593 467 3638 obcausetnt
484 3593 553 3637 nimis
573 3595 620 3640 latu
644 3596 734 3641 bellum
768 3605 866 3648 centum
881 3605 890 3646 ς
908 3592 950 3638 setl
968 3592 1110 3641 facultatem
1129 3599 1252 3644 moralem

256 3655 388 3707 tiefitlitllr,
405 3657 578 3709 statutorum,
594 3659 734 3718 qm'Jutiuut
767 3657 825 3702 belli
843 3658 958 3710 gerendi:
984 3657 1006 3700 &
1025 3657 1058 3702 fic
1081 3656 1175 3704 bellum
1195 3659 1251 3705 liei·

253 3719 339 3772 souti,
362 3720 412 3762 otiu
443 3719 479 3761 uel
497 3719 600 3777 preneste
625 3723 733 3781 litigant,
766 3729 814 3764 tum
834 3718 880 3766 else
904 3718 1049 3776 conligitur:
1070 3720 1129 3765 alias
1147 3719 1251 3776 injustus

162 3780 167 3784 '
254 3784 317 3839 quati
334 3795 382 3826 nott
403 3792 493 3826 tautum
509 3795 520 3823 n
537 3780 675 3835 litigantium
690 3796 732 3827 ttu-
764 3780 861 3828 invasor
884 3780 984 3838 impune
1002 3782 1115 3836 quemvis
1132 3783 1251 3843 adgredi,

254 3857 339 3897 mer),
363 3842 403 3889 sed
425 3843 446 3887 dt
468 3854 482 3887 a
509 3845 602 3890 ut'olonto
627 3847 733 3905 litigandi
764 3856 866 3902 remque
885 3844 950 3891 suam
966 3844 1074 3899 feliciter
1084 3857 1170 3902 gerere
1190 3860 1274 3903 poss

252 3909 335 3962 mido,
357 3905 475 3957 tenerulis
501 3906 564 3951 ssettt
583 3920 651 3953 nouo
678 3909 731 3956 obs·
765 3908 818 3958 [εις
840 3919 914 3963 quum
945 3919 1018 3954 nemo
1042 3910 1141 3955 habetet
1163 3906 1202 3962 jus
1224 3909 1252 3958 ei

253 3971 372 4022 italiorum
400 3980 472 4020 atoue
502 3981 564 4014 auco
590 3970 643 4017 lites
662 3972 733 4018 etiem
767 3970 889 4018 teliilettdi
912 3969 1014 4028 ejusque
1031 3970 1173 4017 violentiam
1192 3972 1253 4018 vio.

253 4032 378 4086 forenses,
397 4031 733 4087 quiut‘tttetbslescumen-
766 4037 846 4081 lenter
874 4033 995 4088 abluendi.
1045 4036 1139 4080 Bellum
1166 4034 1252 4091 itaque

252 4093 334 4139 tiones
366 4094 560 4148 extmjudicialcs
594 4098 639 4144 sub¹
670 4099 733 4144 Belli
765 4110 816 4144 nott
837 4097 871 4142 ost
888 4098 993 4143 modium
1013 4098 1081 4154 pacis
1102 4098 1249 4155 seruand23

197 4177 201 4190 ·
254 4156 343 4202 stultiut
358 4158 552 4204 contineremur.
766 4160 861 4206 seduli
884 4161 1017 4206 temedium
1042 4158 1135 4214 injutiae
1164 4166 1252 4218 repel-

282 4220 455 4265 Ctttulnt2tim
469 4222 567 4266 numm
586 4233 669 4266 numm
686 4222 727 4268 stm
763 4224 862 4276 lendae3
879 4223 902 4268 ἃ
927 4223 1030 4269 constsiit
1054 4224 1077 4268 in
1100 4221 1252 4272 desenstoee

248 4280 390 4328 ciuitatibus
410 4295 457 4326 mm
476 4285 501 4329 iit
524 4285 667 4339 proprium
683 4285 723 4331 iila
761 4285 794 4330 sui
808 4287 916 4332 violenta
931 4296 1016 4330 contra
1033 4285 1145 4340 injuriam
1162 4287 1249 4333 insen.

248 4345 300 4402 cola
319 4345 349 4391 ad
369 4345 415 4399 buc
433 4357 505 4404 ceput
525 4346 627 4406 proprie
646 4349 722 4407 pettit.
755 4360 838 4401 tatem.
871 4345 1124 4408 Pintima,quae'ltic
1152 4348 1248 4408 distin*

1178 4422 1233 4466 ten-
