3034 5509
290 636 736 729 renumerantur.
765 645 823 744 Jo.
852 647 1076 737 Brnarrr.
1131 669 1225 746 πως

233 825 301 911 gis,
319 843 463 906 tanquam
480 824 654 892 mensuram
680 838 860 887 ceterorum
879 842 888 899 ;
911 820 1160 907 communesque
1178 841 1227 887 re·

233 911 316 991 gula
334 914 444 989 urique
468 906 688 973 inscientiam
712 907 855 986 cadunt,
879 905 959 970 &in
982 905 1227 989 jurisprudentia

234 991 399 1058 universali
417 991 496 1054 tradi
516 988 650 1063 debent;
675 987 764 1067 cujus
779 989 946 1070 praeceptis
961 990 1057 1054 etiam
1080 987 1227 1053 Theolo-

234 1072 462 1155 giaNaturnlis
479 1089 593 1136 utetur.
640 1069 750 1152 Itaque
769 1070 823 1150 Jus
843 1068 998 1134 Naturale
1024 1089 1138 1153 praeter
1159 1088 1228 1136 rem

234 1154 467 1220 coarsinntibus
480 1152 626 1219 adsentiri
635 1169 697 1217 non
708 1151 884 1234 possumus:
895 1170 1069 1236 quanquam
1085 1154 1112 1217 ir
1126 1151 1228 1232 lapsus

233 1240 409 1320 periculum
425 1256 488 1303 non
505 1235 636 1312 habeat,
661 1235 761 1299 modo
784 1235 938 1299 internam
963 1237 1155 1319 probitatem
1170 1233 1228 1300 sal-

234 1336 298 1383 tem
320 1318 410 1384 alteri
428 1317 641 1401 Philosophia
665 1315 895 1400 pomiferum,
917 1335 977 1382 nec
998 1317 1090 1401 plane
1107 1318 1226 1383 revela-

235 1404 275 1470 tis
296 1402 461 1488 praeceptis
476 1401 669 1468 transcribas.
1261 1426 1264 1435 ¹

273 1581 380 1657 Jnlliria
401 1580 514 1650 divina,
532 1580 674 1652 &justitia
702 1579 823 1639 humma
842 1581 947 1657 aliquid
971 1581 1084 1655 quidem
1109 1581 1181 1638 inter
1197 1579 1227 1638 se

184 1670 187 1675 '
235 1675 387 1716 commune
403 1657 529 1727 habent,
551 1674 741 1730 necunquam
759 1660 881 1716 invic'ern
902 1660 951 1717 sibi
966 1659 1164 1716 adversantur:
1186 1654 1227 1714 ast

179 1748 182 1757 ·
235 1735 433 1793 iisaliascurn
463 1736 572 1792 ratione
597 1734 739 1806 originis,
763 1748 820 1792 turn
845 1737 1092 1792 rarioneambitus
1117 1745 1228 1792 tantum
1324 1796 1326 1799 ,

234 1808 386 1868 intercedit
405 1809 576 1879 discrimen,
598 1825 645 1877 nt,
667 1823 796 1883 accurate
819 1810 992 1884 loquendo,
1012 1811 1135 1868 diuinam
1150 1809 1228 1891 jum?

234 1890 300 1945 tiam
320 1887 447 1944 humanae
463 1885 571 1943 fontem
589 1887 643 1942 esse
659 1904 692 1943 ac
707 1885 887 1956 mensuram,
908 1887 963 1944 dici
980 1899 1113 1958 nequeat.
1146 1886 1232 1943 Deus,

233 1976 331 2021 natura
349 1959 394 2016 sua
414 1961 501 2031 juiius
516 1960 577 2018 est:
596 1978 690 2034 neque
713 1978 821 2031 agere,
842 1979 936 2036 neque·
959 1979 1042 2034 agere
1064 1961 1153 2024 velle,
1177 1959 1234 2019 nisi'

230 2038 317 2108 juste.
339 2037 450 2109 potell:
471 2037 528 2095 hac
548 2037 617 2096 felix
639 2040 665 2094 in
690 2037 749 2110 ipso
772 2037 811 2095 est
833 2038 1021 2110 impotentia,
1043 2035 1227 2109 gloriosaque

234 2113 396 2180 necemus,
418 2129 453 2170 ert
470 2113 575 2170 infinita
593 2116 652 2182 ejus
673 2114 847 2186 perfessione
863 2121 946 2172 unice
962 2114 1091 2171 oriunda.
1131 2115 1226 2190 Quam

233 2188 390 2262 longissnne
406 2189 862 2257 veroabeoausnnrnomlnes,ur
879 2204 977 2247 natura
990 2188 1121 2256 lrmjustl.
1143 2189 1226 2262 julii·

233 2268 271 2322 tia
283 2263 403 2335 qualitas
419 2262 473 2328 est,
495 2280 578 2336 quam
596 2263 746 2336 'adquirere
764 2266 886 2320 debent:
902 2282 992 2335 eaque
1009 2264 1148 2337 obligatio
1164 2261 1228 2337 ipsis

231 2358 248 2397 a
262 2339 401 2412 principio
416 2339 513 2411 aliquo
536 2353 675 2397 externo.
699 2339 847 2396 voluntate
866 2357 967 2412 nernpe
985 2338 1038 2394 Dei
1053 2339 1150 2407 ipsius,
1166 2353 1228 2394 non

232 2432 304 2472 vero
321 2411 512 2483 ejusjustlna
534 2428 620 2488 prout
634 2429 703 2471 mox
727 2413 902 2479 uidebimur,
924 2414 961 2471 esi
983 2412 1109 2486 imposrta
1148 2413 1228 2490 Quin

232 2491 269 2548 de
283 2489 385 2562 jusiitin
402 2490 521 2546 humana
536 2489 630 2564 potius
654 2490 781 2556 constat,
804 2490 939 2564 quamde
961 2489 1070 2553 divina;
1093 2488 1228 2562 quemad·

232 2569 348 2625 modum
370 2563 438 2620 illud
453 2563 515 2638 post
533 2566 683 2624 horrorem
701 2568 825 2624 nostrum
847 2566 995 2625 observavi
1011 2563 1045 2620 au
1061 2565 1083 2639 J.
1096 2567 1134 2623 N.
1151 2565 1226 2624 &G.

231 2644 294 2701 Lib.
312 2642 347 2700 ss.
364 2653 417 2714 cap.
438 2655 463 2711 3.
478 2641 503 2716 l.
523 2658 548 2713 5.
563 2655 612 2699 nur.
633 2658 660 2712 ς.
700 2644 787 2777 ἓυοά
807 2644 841 2700 ad
862 2642 998 2700 ambitum
1013 2641 1142 2716 adtinet:
1166 2641 1230 2712 ipsa

233 2719 336 2776 divina
355 2730 460 2774 natura
483 2719 653 2776 excellentia
684 2735 699 2772 e
734 2721 792 2786 cit,
822 2734 851 2776 nt
880 2720 973 2776 einem
996 2717 1092 2790 plnres
1112 2713 1224 2788 justitiae
1303 2736 1304 2739 ¹

232 2794 359 2852 humane
372 2793 446 2850 aslus
461 2791 675 2871 haudquaquam
691 2797 846 2851 conuenire
860 2810 982 2868 queant3
997 2792 1231 2855 anirnaevenen:

233 2885 262 2930 te
284 2870 387 2943 pariter
408 2869 534 2928 Austore
557 2874 585 2928 ln
610 2870 680 2929 iocis
703 2870 830 2945 Operum
854 2871 964 2928 suorum
992 2869 1226 2940 l’oiemitorum,

233 2948 268 3006 ad
282 2964 351 3018 quae
365 2947 391 3004 iu
410 2958 478 3003 nota
492 2962 560 3004 mox
579 2947 664 3003 citata
689 2948 835 3006 seriorem
857 2948 996 3014 ablegari.
1037 2947 1224 3018 Anonptnus,

232 3024 279 3084 cui
295 3023 412 3095 legenda
436 3040 469 3079 ac
496 3023 650 3082 refellenda
674 3023 723 3080 iila
744 3023 849 3096 srngusa
877 3021 1012 3090 luissent.
1034 3021 1225 3094 obstringetur

235 3100 344 3164 exiis,
372 3114 433 3171 qua
453 3101 481 3154 in
504 3097 561 3156 fine
588 3099 671 3171 hujnr
698 3099 864 3174 paragraphi
885 3101 1036 3172 agnoseit,
1068 3099 1225 3158 buslorem

233 3175 360 3234 nostrum
382 3173 476 3233 saltem
502 3173 720 3250 reprehensione
739 3176 898 3237 constituta
920 3188 1011 3249 purum
1030 3188 1093 3234 tutu
1106 3174 1225 3248 byputbr·

224 3249 284 3328 sens
300 3252 419 3309 liberare
435 3269 442 3307 :
461 3267 525 3311 cunr
542 3268 577 3311 ert
593 3250 659 3311 loco
680 3249 715 3308 ad
734 3252 939 3322 precedentem
963 3252 1166 3324 paragraphum
1183 3266 1227 3306 re-

233 3327 292 3386 lato
310 3325 556 3385 manifestissimum
577 3326 623 3393 fir,
645 3327 799 3384 Autlorem
822 3345 858 3385 ert
878 3326 1029 3395 disciplinis
1050 3323 1227 3401 pbilosophi-

233 3405 274 3461 εἰς
290 3419 382 3460 curam
396 3403 505 3459 interne
523 3403 661 3474 probitatis
677 3403 838 3475 neutiquam
859 3399 1011 3460 exclusisse.

278 3571 328 3659 *§.
351 3571 443 3639 Xlls.
469 3571 631 3641 Hauenus
647 3575 687 3640 de
697 3572 762 3657 fine
778 3572 809 3639 δι
823 3570 950 3662 objelin:
968 3593 1054 3643 nunc
1067 3570 1230 3660 superest,¹

234 3669 272 3722 ut
285 3659 324 3721 de
339 3654 425 3740 corifo
440 3653 582 3740 qlicienre
599 3657 679 3741 Jurir
691 3658 841 3736 Naturae,
858 3674 924 3723 non
937 3658 1018 3726 bene
1031 3659 1074 3724 ob
1086 3657 1226 3724 Autlore

234 3738 423 3817 constituta,
444 3742 558 3807 dicam.
605 3740 696 3809 Hanc
712 3742 797 3812 enim
816 3741 946 3809 illenon
960 3742 992 3809 in
1012 3760 1117 3808 rerum
1132 3755 1224 3808 natu·

232 3842 288 3904 ra,
309 3821 649 3907 reslaequefsecundum
668 3827 749 3892 hanc
772 3823 907 3891 rationis
927 3828 1123 3911 preceptis,
1143 3829 1227 3894 adi·

234 3910 310 3975 vina
334 3923 440 3972 mente
462 3906 703 3988 emanantibus3
728 3907 781 3974 sed
800 3905 912 3990 (quod
937 3909 1076 3990 mirum,
1099 3911 1131 3976 &
1150 3929 1230 3978 con·
1277 3956 1280 3961 «

235 3990 414 4089 ιτεόῑᾷῑοοὶ
441 3989 615 4088 obnoxium
646 3988 834 4071 videbitur)
854 3989 887 4056 in
909 3989 1076 4091 superioris
1098 3992 1231 4092 deereto

236 4071 673 4240 rarunlrnrnnl
687 4071 1227 4245 lllrglrlrllslsulllllll:

236 4259 308 4326 gum
322 4244 379 4306 rire
399 4247 609 4325 ndrrmprrutu.
633 4241 677 4309 Et
695 4260 774 4311 mox
788 4260 823 4305 cu
845 4259 918 4320 .1r.
929 4243 959 4329 §.
970 4264 1000 4309 2.
1021 4244 1095 4321 Lex
1109 4244 1224 4314 defini·

237 4338 311 4408 tur,
328 4325 557 4411 decretumque
579 4321 722 4411 superior
729 4323 795 4408 subi,
800 4253 968 4414 hijeslum
982 4328 1110 4418 obligat,
1126 4341 1178 4502 αὖἶ
1182 4329 1228 4486 aar}¹

1136 4434 1188 4482 rr
