<?xml version="1.0" encoding="UTF-8"?>
<!DOCTYPE html PUBLIC "-//W3C//DTD XHTML 1.0 Transitional//EN"
    "http://www.w3.org/TR/xhtml1/DTD/xhtml1-transitional.dtd">
<html xmlns="http://www.w3.org/1999/xhtml" xml:lang="en" lang="en">
 <head>
  <title>
</title>
<meta http-equiv="Content-Type" content="text/html;charset=utf-8" />
  <meta name='ocr-system' content='tesseract 3.04.00' />
  <meta name='ocr-capabilities' content='ocr_page ocr_carea ocr_par ocr_line ocrx_word'/>
</head>
<body>
  <div class='ocr_page' id='page_1' title='image "./spufendorfiideo00pufegoog_0435.png"; bbox 0 0 3034 5509; ppageno 0'>
   <div class='ocr_carea' id='block_1_1' title="bbox 318 614 1160 742">
    <p class='ocr_par' dir='ltr' id='par_1_1' title="bbox 318 614 1160 742">
     <span class='ocr_line' id='line_1_1' title="bbox 318 614 1160 742; baseline 0.001 -18"><span class='ocrx_word' id='word_1_1' title='bbox 318 662 371 726; x_wconf 77' lang='lat' dir='ltr'>tu</span> <span class='ocrx_word' id='word_1_2' title='bbox 405 649 503 731; x_wconf 83' lang='lat' dir='ltr'>Snrt.</span> <span class='ocrx_word' id='word_1_3' title='bbox 536 614 822 735; x_wconf 66' lang='lat' dir='ltr'>Romanum.</span> <span class='ocrx_word' id='word_1_4' title='bbox 854 651 948 726; x_wconf 82' lang='lat' dir='ltr'>Lrs.</span> <span class='ocrx_word' id='word_1_5' title='bbox 979 648 1009 724; x_wconf 88' lang='grc' dir='ltr'>Ι.</span> <span class='ocrx_word' id='word_1_6' title='bbox 1083 661 1160 742; x_wconf 73' lang='lat'><strong>9⁶³⁴.</strong></span> 
     </span>
    </p>
   </div>
   <div class='ocr_carea' id='block_1_2' title="bbox 140 823 1150 2035">
    <p class='ocr_par' dir='ltr' id='par_1_2' title="bbox 140 823 1150 2035">
     <span class='ocr_line' id='line_1_2' title="bbox 158 823 1148 900; baseline 0.002 -18"><span class='ocrx_word' id='word_1_7' title='bbox 158 839 220 882; x_wconf 91' lang='lat' dir='ltr'>rum</span> <span class='ocrx_word' id='word_1_8' title='bbox 246 823 346 898; x_wconf 85' lang='lat' dir='ltr'>placita</span> <span class='ocrx_word' id='word_1_9' title='bbox 373 826 400 883; x_wconf 92' lang='lat' dir='ltr'>in</span> <span class='ocrx_word' id='word_1_10' title='bbox 424 826 551 886; x_wconf 72' lang='lat' dir='ltr'>universa</span> <span class='ocrx_word' id='word_1_11' title='bbox 578 826 631 884; x_wconf 86' lang='lat' dir='ltr'>hac</span> <span class='ocrx_word' id='word_1_12' title='bbox 655 824 817 888; x_wconf 82' lang='lat' dir='ltr'>servitutum</span> <span class='ocrx_word' id='word_1_13' title='bbox 841 824 981 882; x_wconf 83' lang='lat' dir='ltr'>divifione</span> <span class='ocrx_word' id='word_1_14' title='bbox 1009 824 1148 900; x_wconf 84' lang='lat' dir='ltr'>sequitur,</span> 
     </span>
     <span class='ocr_line' id='line_1_3' title="bbox 155 899 1150 1034; baseline 0.006 -80"><span class='ocrx_word' id='word_1_15' title='bbox 155 899 230 1034; x_wconf 43' lang='lat' dir='ltr'>psum</span> <span class='ocrx_word' id='word_1_16' title='bbox 247 916 345 971; x_wconf 82' lang='lat' dir='ltr'>vocat,</span> <span class='ocrx_word' id='word_1_17' title='bbox 367 904 407 959; x_wconf 86' lang='lat' dir='ltr'>est</span> <span class='ocrx_word' id='word_1_18' title='bbox 427 905 471 974; x_wconf 78' lang='lat' dir='ltr'>ius</span> <span class='ocrx_word' id='word_1_19' title='bbox 492 920 528 960; x_wconf 84' lang='lat' dir='ltr'>ex</span> <span class='ocrx_word' id='word_1_20' title='bbox 552 920 582 959; x_wconf 91' lang='lat' dir='ltr'>re</span> <span class='ocrx_word' id='word_1_21' title='bbox 600 901 690 958; x_wconf 85' lang='lat' dir='ltr'>aliena</span> <span class='ocrx_word' id='word_1_22' title='bbox 719 903 901 959; x_wconf 89' lang='lat' dir='ltr'>commodum</span> <span class='ocrx_word' id='word_1_23' title='bbox 930 915 1036 959; x_wconf 88' lang='lat' dir='ltr'>tantum</span> <span class='ocrx_word' id='word_1_24' title='bbox 1056 907 1150 976; x_wconf 87' lang='lat' dir='ltr'>quoti·</span> 
     </span>
     <span class='ocr_line' id='line_1_4' title="bbox 177 975 1148 1052; baseline 0.006 -20"><span class='ocrx_word' id='word_1_25' title='bbox 177 977 296 1047; x_wconf 75' lang='lat' dir='ltr'>ionum,</span> <span class='ocrx_word' id='word_1_26' title='bbox 322 995 354 1035; x_wconf 88' lang='lat' dir='ltr'>ac</span> <span class='ocrx_word' id='word_1_27' title='bbox 377 977 426 1040; x_wconf 83' lang='lat' dir='ltr'>srbi</span> <span class='ocrx_word' id='word_1_28' title='bbox 454 980 546 1037; x_wconf 81' lang='lat' dir='ltr'>suisve</span> <span class='ocrx_word' id='word_1_29' title='bbox 566 993 620 1052; x_wconf 91' lang='lat' dir='ltr'>pro</span> <span class='ocrx_word' id='word_1_30' title='bbox 642 976 779 1047; x_wconf 80' lang='lat' dir='ltr'>dignitate</span> <span class='ocrx_word' id='word_1_31' title='bbox 805 975 832 1034; x_wconf 77' lang='lat' dir='ltr'>ds</span> <span class='ocrx_word' id='word_1_32' title='bbox 855 977 1023 1036; x_wconf 89' lang='lat' dir='ltr'>conditione</span> <span class='ocrx_word' id='word_1_33' title='bbox 1051 996 1148 1038; x_wconf 88' lang='lat' dir='ltr'>neces·</span> 
     </span>
     <span class='ocr_line' id='line_1_5' title="bbox 155 1050 1116 1128; baseline 0.005 -21"><span class='ocrx_word' id='word_1_34' title='bbox 155 1051 253 1111; x_wconf 87' lang='lat' dir='ltr'>sarium</span> <span class='ocrx_word' id='word_1_35' title='bbox 267 1053 458 1128; x_wconf 88' lang='lat' dir='ltr'>percipiendi,</span> <span class='ocrx_word' id='word_1_36' title='bbox 482 1055 554 1111; x_wconf 85' lang='lat' dir='ltr'>salva</span> <span class='ocrx_word' id='word_1_37' title='bbox 574 1055 614 1110; x_wconf 91' lang='lat' dir='ltr'>rei</span> <span class='ocrx_word' id='word_1_38' title='bbox 631 1050 792 1113; x_wconf 84' lang='lat' dir='ltr'>substantia.</span> <span class='ocrx_word' id='word_1_39' title='bbox 1112 1107 1116 1112; x_wconf 17' lang='grc' dir='ltr'><em>Ι</em></span> 
     </span>
     <span class='ocr_line' id='line_1_6' title="bbox 190 1128 1147 1207; baseline 0.007 -21"><span class='ocrx_word' id='word_1_40' title='bbox 190 1130 352 1207; x_wconf 75' lang='lat' dir='ltr'>Habitatiol.</span> <span class='ocrx_word' id='word_1_41' title='bbox 364 1131 500 1188; x_wconf 82' lang='lat' dir='ltr'>ilalirotit</span> <span class='ocrx_word' id='word_1_42' title='bbox 514 1129 552 1187; x_wconf 87' lang='lat' dir='ltr'>eli</span> <span class='ocrx_word' id='word_1_43' title='bbox 561 1132 605 1202; x_wconf 84' lang='lat' dir='ltr'>jus</span> <span class='ocrx_word' id='word_1_44' title='bbox 621 1145 706 1186; x_wconf 89' lang='lat' dir='ltr'>omne</span> <span class='ocrx_word' id='word_1_45' title='bbox 721 1128 945 1190; x_wconf 88' lang='lat' dir='ltr'>emolumentum</span> <span class='ocrx_word' id='word_1_46' title='bbox 962 1147 997 1191; x_wconf 88' lang='lat' dir='ltr'>ex</span> <span class='ocrx_word' id='word_1_47' title='bbox 1007 1135 1147 1193; x_wconf 80' lang='lat' dir='ltr'>inhabita·¹</span> 
     </span>
     <span class='ocr_line' id='line_1_7' title="bbox 150 1204 1145 1285; baseline 0.01 -25"><span class='ocrx_word' id='word_1_48' title='bbox 150 1206 231 1263; x_wconf 87' lang='lat' dir='ltr'>tione</span> <span class='ocrx_word' id='word_1_49' title='bbox 248 1211 349 1271; x_wconf 85' lang='lat' dir='ltr'>aedium</span> <span class='ocrx_word' id='word_1_50' title='bbox 364 1204 678 1279; x_wconf 89' lang='lat' dir='ltr'>alienarumprovenire</span> <span class='ocrx_word' id='word_1_51' title='bbox 692 1204 805 1264; x_wconf 87' lang='lat' dir='ltr'>solitum</span> <span class='ocrx_word' id='word_1_52' title='bbox 820 1206 897 1275; x_wconf 82' lang='lat' dir='ltr'>,fise</span> <span class='ocrx_word' id='word_1_53' title='bbox 913 1208 985 1266; x_wconf 81' lang='lat' dir='ltr'>aedcs</span> <span class='ocrx_word' id='word_1_54' title='bbox 1005 1213 1068 1285; x_wconf 81' lang='lat' dir='ltr'>quis</span> <span class='ocrx_word' id='word_1_55' title='bbox 1087 1212 1145 1284; x_wconf 86' lang='lat' dir='ltr'>ipse</span> 
     </span>
     <span class='ocr_line' id='line_1_8' title="bbox 147 1279 1141 1361; baseline 0.012 -25"><span class='ocrx_word' id='word_1_56' title='bbox 147 1279 304 1350; x_wconf 83' lang='lat' dir='ltr'>inhabitet,</span> <span class='ocrx_word' id='word_1_57' title='bbox 330 1283 386 1339; x_wconf 84' lang='lat' dir='ltr'>five</span> <span class='ocrx_word' id='word_1_58' title='bbox 399 1283 459 1338; x_wconf 84' lang='lat' dir='ltr'>aliis</span> <span class='ocrx_word' id='word_1_59' title='bbox 475 1282 523 1340; x_wconf 84' lang='lat' dir='ltr'>luo</span> <span class='ocrx_word' id='word_1_60' title='bbox 538 1281 604 1339; x_wconf 90' lang='lat' dir='ltr'>loco</span> <span class='ocrx_word' id='word_1_61' title='bbox 622 1281 816 1340; x_wconf 81' lang='lat' dir='ltr'>inhabitandas</span> <span class='ocrx_word' id='word_1_62' title='bbox 838 1282 932 1352; x_wconf 87' lang='lat' dir='ltr'>locet,</span> <span class='ocrx_word' id='word_1_63' title='bbox 954 1288 1141 1361; x_wconf 86' lang='lat' dir='ltr'>percipiendi.</span> 
     </span>
     <span class='ocr_line' id='line_1_9' title="bbox 188 1356 1141 1435; baseline 0.005 -19"><span class='ocrx_word' id='word_1_64' title='bbox 188 1358 279 1432; x_wconf 78' lang='lat' dir='ltr'>Opere</span> <span class='ocrx_word' id='word_1_65' title='bbox 290 1356 456 1435; x_wconf 71' lang='lat' dir='ltr'>J&#39;cruotuml.</span> <span class='ocrx_word' id='word_1_66' title='bbox 499 1358 592 1416; x_wconf 86' lang='lat' dir='ltr'>Facile</span> <span class='ocrx_word' id='word_1_67' title='bbox 609 1357 793 1432; x_wconf 81' lang='lat' dir='ltr'>intelligitur,</span> <span class='ocrx_word' id='word_1_68' title='bbox 814 1358 869 1415; x_wconf 82' lang='lat' dir='ltr'>elle</span> <span class='ocrx_word' id='word_1_69' title='bbox 887 1361 931 1429; x_wconf 85' lang='lat' dir='ltr'>jus</span> <span class='ocrx_word' id='word_1_70' title='bbox 955 1379 1069 1420; x_wconf 90' lang='lat' dir='ltr'>omnem</span> <span class='ocrx_word' id='word_1_71' title='bbox 1089 1363 1141 1421; x_wconf 85' lang='lat' dir='ltr'>uti·</span> 
     </span>
     <span class='ocr_line' id='line_1_10' title="bbox 146 1430 1065 1507; baseline 0.003 -19"><span class='ocrx_word' id='word_1_72' title='bbox 146 1430 255 1492; x_wconf 87' lang='lat' dir='ltr'>litatem</span> <span class='ocrx_word' id='word_1_73' title='bbox 279 1437 424 1507; x_wconf 70' lang='lat' dir='ltr'>exoptetis</span> <span class='ocrx_word' id='word_1_74' title='bbox 443 1436 513 1493; x_wconf 87' lang='lat' dir='ltr'>servi</span> <span class='ocrx_word' id='word_1_75' title='bbox 530 1433 613 1490; x_wconf 86' lang='lat' dir='ltr'>alieni</span> <span class='ocrx_word' id='word_1_76' title='bbox 638 1434 791 1505; x_wconf 86' lang='lat' dir='ltr'>provenire</span> <span class='ocrx_word' id='word_1_77' title='bbox 810 1447 902 1507; x_wconf 80' lang='lat' dir='ltr'>aptam</span> <span class='ocrx_word' id='word_1_78' title='bbox 924 1440 1065 1506; x_wconf 83' lang='lat' dir='ltr'>capiendi.</span> 
     </span>
     <span class='ocr_line' id='line_1_11' title="bbox 184 1507 1141 1587; baseline 0.008 -19"><span class='ocrx_word' id='word_1_79' title='bbox 184 1512 376 1581; x_wconf 78' lang='lat' dir='ltr'>Reulesiterum</span> <span class='ocrx_word' id='word_1_80' title='bbox 385 1512 542 1569; x_wconf 82' lang='lat' dir='ltr'>diuiduntur</span> <span class='ocrx_word' id='word_1_81' title='bbox 556 1511 584 1566; x_wconf 87' lang='lat' dir='ltr'>in</span> <span class='ocrx_word' id='word_1_82' title='bbox 589 1507 736 1587; x_wconf 83' lang='lat' dir='ltr'>servitutes</span> <span class='ocrx_word' id='word_1_83' title='bbox 741 1510 891 1582; x_wconf 77' lang='lat' dir='ltr'>prediorum</span> <span class='ocrx_word' id='word_1_84' title='bbox 899 1509 949 1580; x_wconf 73' lang='lat' dir='ltr'>&amp;c</span> <span class='ocrx_word' id='word_1_85' title='bbox 961 1511 984 1587; x_wconf 89' lang='lat'>].</span> <span class='ocrx_word' id='word_1_86' title='bbox 1004 1516 1035 1570; x_wconf 90' lang='lat' dir='ltr'>Id</span> <span class='ocrx_word' id='word_1_87' title='bbox 1052 1530 1141 1576; x_wconf 85' lang='lat' dir='ltr'>omne</span> 
     </span>
     <span class='ocr_line' id='line_1_12' title="bbox 145 1583 1142 1660; baseline 0.007 -16"><span class='ocrx_word' id='word_1_88' title='bbox 145 1583 248 1644; x_wconf 87' lang='lat' dir='ltr'>iterum</span> <span class='ocrx_word' id='word_1_89' title='bbox 274 1604 309 1644; x_wconf 86' lang='lat' dir='ltr'>ex</span> <span class='ocrx_word' id='word_1_90' title='bbox 332 1592 464 1647; x_wconf 86' lang='lat' dir='ltr'>Romano</span> <span class='ocrx_word' id='word_1_91' title='bbox 485 1591 546 1660; x_wconf 79' lang='lat' dir='ltr'>iure</span> <span class='ocrx_word' id='word_1_92' title='bbox 576 1589 625 1644; x_wconf 81' lang='lat' dir='ltr'>eti.</span> <span class='ocrx_word' id='word_1_93' title='bbox 670 1586 828 1646; x_wconf 79' lang='lat' dir='ltr'>Praedioruts</span> <span class='ocrx_word' id='word_1_94' title='bbox 846 1585 999 1660; x_wconf 80' lang='lat' dir='ltr'>rusticorum</span> <span class='ocrx_word' id='word_1_95' title='bbox 1023 1595 1142 1652; x_wconf 82' lang='lat' dir='ltr'>nomine</span> 
     </span>
     <span class='ocr_line' id='line_1_13' title="bbox 145 1662 1141 1740; baseline 0.01 -25"><span class='ocrx_word' id='word_1_96' title='bbox 145 1663 299 1721; x_wconf 83' lang='lat' dir='ltr'>veniebant</span> <span class='ocrx_word' id='word_1_97' title='bbox 313 1667 388 1737; x_wconf 80' lang='lat' dir='ltr'>agri,</span> <span class='ocrx_word' id='word_1_98' title='bbox 411 1665 571 1738; x_wconf 76' lang='lat' dir='ltr'>exiguaque</span> <span class='ocrx_word' id='word_1_99' title='bbox 586 1662 633 1719; x_wconf 81' lang='lat' dir='ltr'>illa</span> <span class='ocrx_word' id='word_1_100' title='bbox 646 1662 779 1734; x_wconf 72' lang='lat' dir='ltr'>adticis,</span> <span class='ocrx_word' id='word_1_101' title='bbox 797 1681 860 1738; x_wconf 79' lang='lat' dir='ltr'>que</span> <span class='ocrx_word' id='word_1_102' title='bbox 877 1683 934 1722; x_wconf 85' lang='lat' dir='ltr'>trun</span> <span class='ocrx_word' id='word_1_103' title='bbox 950 1667 1001 1724; x_wconf 83' lang='lat' dir='ltr'>nist</span> <span class='ocrx_word' id='word_1_104' title='bbox 1016 1667 1050 1724; x_wconf 89' lang='lat' dir='ltr'>ad</span> <span class='ocrx_word' id='word_1_105' title='bbox 1067 1669 1141 1740; x_wconf 84' lang='lat' dir='ltr'>agri·</span> 
     </span>
     <span class='ocr_line' id='line_1_14' title="bbox 142 1737 1137 1820; baseline 0.009 -26"><span class='ocrx_word' id='word_1_106' title='bbox 142 1737 301 1809; x_wconf 76' lang='lat' dir='ltr'>culturam,</span> <span class='ocrx_word' id='word_1_107' title='bbox 322 1757 439 1812; x_wconf 89' lang='lat' dir='ltr'>remque</span> <span class='ocrx_word' id='word_1_108' title='bbox 464 1739 624 1813; x_wconf 79' lang='lat' dir='ltr'>pecuariam</span> <span class='ocrx_word' id='word_1_109' title='bbox 641 1737 772 1806; x_wconf 73' lang='lat' dir='ltr'>spedant.</span> <span class='ocrx_word' id='word_1_110' title='bbox 814 1739 923 1800; x_wconf 80' lang='lat' dir='ltr'>Urbana</span> <span class='ocrx_word' id='word_1_111' title='bbox 947 1758 1018 1799; x_wconf 85' lang='lat' dir='ltr'>vero</span> <span class='ocrx_word' id='word_1_112' title='bbox 1039 1745 1137 1820; x_wconf 77' lang='lat' dir='ltr'>predis</span> 
     </span>
     <span class='ocr_line' id='line_1_15' title="bbox 141 1815 1140 1885; baseline 0.014 -20"><span class='ocrx_word' id='word_1_113' title='bbox 141 1827 282 1873; x_wconf 85' lang='lat' dir='ltr'>vocantur</span> <span class='ocrx_word' id='word_1_114' title='bbox 304 1815 419 1875; x_wconf 82' lang='lat' dir='ltr'>aedificia</span> <span class='ocrx_word' id='word_1_115' title='bbox 441 1816 554 1883; x_wconf 83' lang='lat' dir='ltr'>omnia,</span> <span class='ocrx_word' id='word_1_116' title='bbox 582 1815 782 1875; x_wconf 74' lang='lat' dir='ltr'>inhabitationi</span> <span class='ocrx_word' id='word_1_117' title='bbox 806 1815 977 1885; x_wconf 89' lang='lat' dir='ltr'>hominum,</span> <span class='ocrx_word' id='word_1_118' title='bbox 999 1837 1140 1879; x_wconf 85' lang='lat' dir='ltr'>commer-</span> 
     </span>
     <span class='ocr_line' id='line_1_16' title="bbox 141 1888 1137 1974; baseline 0.013 -32"><span class='ocrx_word' id='word_1_119' title='bbox 141 1888 192 1944; x_wconf 83' lang='lat' dir='ltr'>ciis</span> <span class='ocrx_word' id='word_1_120' title='bbox 222 1892 403 1957; x_wconf 80' lang='lat' dir='ltr'>exercendis,</span> <span class='ocrx_word' id='word_1_121' title='bbox 433 1892 573 1966; x_wconf 87' lang='lat' dir='ltr'>fimilique</span> <span class='ocrx_word' id='word_1_122' title='bbox 596 1890 656 1957; x_wconf 82' lang='lat' dir='ltr'>uiui</span> <span class='ocrx_word' id='word_1_123' title='bbox 676 1889 833 1968; x_wconf 64' lang='lat' dir='ltr'>delliuatu</span> <span class='ocrx_word' id='word_1_124' title='bbox 856 1893 913 1959; x_wconf 83' lang='lat' dir='ltr'>lite</span> <span class='ocrx_word' id='word_1_125' title='bbox 933 1894 1007 1964; x_wconf 87' lang='lat' dir='ltr'>intra</span> <span class='ocrx_word' id='word_1_126' title='bbox 1034 1898 1137 1974; x_wconf 87' lang='lat' dir='ltr'>urbes,</span> 
     </span>
     <span class='ocr_line' id='line_1_17' title="bbox 140 1961 521 2035; baseline 0.024 -15"><span class='ocrx_word' id='word_1_127' title='bbox 140 1961 198 2022; x_wconf 86' lang='lat' dir='ltr'>five</span> <span class='ocrx_word' id='word_1_128' title='bbox 213 1967 269 2034; x_wconf 89' lang='lat' dir='ltr'>ruri</span> <span class='ocrx_word' id='word_1_129' title='bbox 288 1965 337 2035; x_wconf 85' lang='lat' dir='ltr'>iila</span> <span class='ocrx_word' id='word_1_130' title='bbox 351 1967 443 2028; x_wconf 80' lang='lat' dir='ltr'>locuta</span> <span class='ocrx_word' id='word_1_131' title='bbox 458 1967 521 2029; x_wconf 84' lang='lat' dir='ltr'>fint.</span> 
     </span>
    </p>
   </div>
   <div class='ocr_carea' id='block_1_3' title="bbox 581 2120 687 2196">
    <p class='ocr_par' dir='ltr' id='par_1_3' title="bbox 581 2120 687 2196">
     <span class='ocr_line' id='line_1_18' title="bbox 581 2120 687 2196; baseline 0 -17"><span class='ocrx_word' id='word_1_132' title='bbox 581 2123 607 2196; x_wconf 73' lang='lat' dir='ltr'>t.</span> <span class='ocrx_word' id='word_1_133' title='bbox 647 2120 687 2179; x_wconf 83' lang='lat' dir='ltr'>x.</span> 
     </span>
    </p>
   </div>
   <div class='ocr_carea' id='block_1_4' title="bbox 129 2271 1133 2789">
    <p class='ocr_par' dir='ltr' id='par_1_4' title="bbox 129 2271 1133 2789">
     <span class='ocr_line' id='line_1_19' title="bbox 173 2271 1130 2350; baseline 0.013 -21"><span class='ocrx_word' id='word_1_134' title='bbox 173 2271 339 2350; x_wconf 82' lang='lat' dir='ltr'>Univerfitas</span> <span class='ocrx_word' id='word_1_135' title='bbox 363 2273 517 2349; x_wconf 62' lang='lat' dir='ltr'>lutomisl</span> <span class='ocrx_word' id='word_1_136' title='bbox 553 2274 609 2332; x_wconf 89' lang='lat' dir='ltr'>Hic</span> <span class='ocrx_word' id='word_1_137' title='bbox 637 2273 738 2333; x_wconf 86' lang='lat' dir='ltr'>modus</span> <span class='ocrx_word' id='word_1_138' title='bbox 762 2272 930 2348; x_wconf 89' lang='lat' dir='ltr'>adquirendi</span> <span class='ocrx_word' id='word_1_139' title='bbox 957 2291 1016 2336; x_wconf 89' lang='lat' dir='ltr'>non</span> <span class='ocrx_word' id='word_1_140' title='bbox 1046 2282 1130 2342; x_wconf 86' lang='lat' dir='ltr'>merit</span> 
     </span>
     <span class='ocr_line' id='line_1_20' title="bbox 133 2350 1133 2424; baseline 0.008 -19"><span class='ocrx_word' id='word_1_141' title='bbox 133 2350 234 2405; x_wconf 90' lang='lat' dir='ltr'>nititur</span> <span class='ocrx_word' id='word_1_142' title='bbox 251 2353 382 2409; x_wconf 86' lang='lat' dir='ltr'>civilibus</span> <span class='ocrx_word' id='word_1_143' title='bbox 407 2352 525 2424; x_wconf 81' lang='lat' dir='ltr'>legibus.</span> <span class='ocrx_word' id='word_1_144' title='bbox 564 2350 675 2408; x_wconf 86' lang='lat' dir='ltr'>Pendet</span> <span class='ocrx_word' id='word_1_145' title='bbox 688 2351 738 2405; x_wconf 85' lang='lat' dir='ltr'>iiie</span> <span class='ocrx_word' id='word_1_146' title='bbox 755 2367 790 2407; x_wconf 81' lang='lat' dir='ltr'>ex</span> <span class='ocrx_word' id='word_1_147' title='bbox 812 2352 894 2407; x_wconf 76' lang='lat' dir='ltr'>tacita</span> <span class='ocrx_word' id='word_1_148' title='bbox 915 2355 1063 2410; x_wconf 87' lang='lat' dir='ltr'>voluntate</span> <span class='ocrx_word' id='word_1_149' title='bbox 1082 2360 1133 2415; x_wconf 91' lang='lat' dir='ltr'>de·</span> 
     </span>
     <span class='ocr_line' id='line_1_21' title="bbox 131 2421 1131 2501; baseline 0.01 -20"><span class='ocrx_word' id='word_1_150' title='bbox 131 2421 218 2481; x_wconf 72' lang='lat' dir='ltr'>fundi</span> <span class='ocrx_word' id='word_1_151' title='bbox 241 2425 461 2497; x_wconf 86' lang='lat' dir='ltr'>probabiliffime</span> <span class='ocrx_word' id='word_1_152' title='bbox 483 2424 684 2501; x_wconf 83' lang='lat' dir='ltr'>praesumenda.</span> <span class='ocrx_word' id='word_1_153' title='bbox 724 2426 903 2484; x_wconf 82' lang='lat' dir='ltr'>Intervenire</span> <span class='ocrx_word' id='word_1_154' title='bbox 921 2429 1035 2499; x_wconf 86' lang='lat' dir='ltr'>quidem</span> <span class='ocrx_word' id='word_1_155' title='bbox 1058 2432 1131 2490; x_wconf 89' lang='lat' dir='ltr'>inter</span> 
     </span>
     <span class='ocr_line' id='line_1_22' title="bbox 132 2499 1129 2578; baseline 0.008 -22"><span class='ocrx_word' id='word_1_156' title='bbox 132 2517 202 2564; x_wconf 82' lang='lat' dir='ltr'>eos,</span> <span class='ocrx_word' id='word_1_157' title='bbox 231 2501 281 2574; x_wconf 87' lang='lat' dir='ltr'>qui</span> <span class='ocrx_word' id='word_1_158' title='bbox 308 2501 435 2570; x_wconf 83' lang='lat' dir='ltr'>ejusdem</span> <span class='ocrx_word' id='word_1_159' title='bbox 457 2500 579 2559; x_wconf 77' lang='lat' dir='ltr'>ciuitatis</span> <span class='ocrx_word' id='word_1_160' title='bbox 605 2499 892 2565; x_wconf 81' lang='lat' dir='ltr'>membra-existunt,</span> <span class='ocrx_word' id='word_1_161' title='bbox 917 2505 1012 2575; x_wconf 79' lang='lat' dir='ltr'>piures</span> <span class='ocrx_word' id='word_1_162' title='bbox 1036 2507 1129 2578; x_wconf 78' lang='lat' dir='ltr'>legum</span> 
     </span>
     <span class='ocr_line' id='line_1_23' title="bbox 131 2576 1131 2653; baseline 0.012 -23"><span class='ocrx_word' id='word_1_163' title='bbox 131 2576 259 2632; x_wconf 87' lang='lat' dir='ltr'>civilium</span> <span class='ocrx_word' id='word_1_164' title='bbox 277 2577 472 2634; x_wconf 86' lang='lat' dir='ltr'>ordinationes</span> <span class='ocrx_word' id='word_1_165' title='bbox 488 2578 588 2636; x_wconf 80' lang='lat' dir='ltr'>solent.</span> <span class='ocrx_word' id='word_1_166' title='bbox 628 2581 740 2636; x_wconf 80' lang='lat' dir='ltr'>Interea</span> <span class='ocrx_word' id='word_1_167' title='bbox 755 2576 1028 2653; x_wconf 73' lang='lat' dir='ltr'>valentsutcaffiouet</span> <span class='ocrx_word' id='word_1_168' title='bbox 1042 2586 1075 2640; x_wconf 81' lang='lat' dir='ltr'>al</span> <span class='ocrx_word' id='word_1_169' title='bbox 1088 2586 1131 2642; x_wconf 79' lang='lat' dir='ltr'>is-</span> 
     </span>
     <span class='ocr_line' id='line_1_24' title="bbox 129 2647 1130 2739; baseline 0.008 -30"><span class='ocrx_word' id='word_1_170' title='bbox 129 2647 220 2724; x_wconf 72' lang='lat' dir='ltr'>teststo</span> <span class='ocrx_word' id='word_1_171' title='bbox 243 2654 277 2710; x_wconf 86' lang='lat' dir='ltr'>ad</span> <span class='ocrx_word' id='word_1_172' title='bbox 304 2666 414 2710; x_wconf 86' lang='lat' dir='ltr'>certum</span> <span class='ocrx_word' id='word_1_173' title='bbox 436 2671 526 2728; x_wconf 83' lang='lat' dir='ltr'>usque</span> <span class='ocrx_word' id='word_1_174' title='bbox 547 2654 678 2732; x_wconf 78' lang='lat' dir='ltr'>gradum,</span> <span class='ocrx_word' id='word_1_175' title='bbox 700 2652 820 2712; x_wconf 81' lang='lat' dir='ltr'>&amp;inter</span> <span class='ocrx_word' id='word_1_176' title='bbox 843 2657 928 2730; x_wconf 86' lang='lat' dir='ltr'>illos,</span> <span class='ocrx_word' id='word_1_177' title='bbox 952 2659 1001 2732; x_wconf 91' lang='lat' dir='ltr'>qui</span> <span class='ocrx_word' id='word_1_178' title='bbox 1025 2658 1055 2738; x_wconf 79' lang='lat' dir='ltr'>in</span> <span class='ocrx_word' id='word_1_179' title='bbox 1080 2677 1130 2739; x_wconf 77' lang='lat' dir='ltr'>na·</span> 
     </span>
     <span class='ocr_line' id='line_1_25' title="bbox 130 2728 1087 2789; baseline 0.004 -5"><span class='ocrx_word' id='word_1_180' title='bbox 130 2728 214 2787; x_wconf 84' lang='lat' dir='ltr'>rurali</span> <span class='ocrx_word' id='word_1_181' title='bbox 230 2729 330 2789; x_wconf 82' lang='lat' dir='ltr'>uiuunt</span> <span class='ocrx_word' id='word_1_182' title='bbox 347 2729 488 2789; x_wconf 83' lang='lat' dir='ltr'>libertate.</span> <span class='ocrx_word' id='word_1_183' title='bbox 1085 2735 1087 2738; x_wconf 80' lang='grc'><strong>’</strong></span> 
     </span>
    </p>
   </div>
   <div class='ocr_carea' id='block_1_5' title="bbox 562 2887 695 2963">
    <p class='ocr_par' dir='ltr' id='par_1_5' title="bbox 562 2887 695 2963">
     <span class='ocr_line' id='line_1_26' title="bbox 562 2887 695 2963; baseline -0.045 0"><span class='ocrx_word' id='word_1_184' title='bbox 562 2888 589 2963; x_wconf 75' lang='lat' dir='ltr'>i·</span> <span class='ocrx_word' id='word_1_185' title='bbox 627 2887 695 2957; x_wconf 85' lang='lat' dir='ltr'>XI·</span> 
     </span>
    </p>
   </div>
   <div class='ocr_carea' id='block_1_6' title="bbox 124 3036 1123 3194">
    <p class='ocr_par' dir='ltr' id='par_1_6' title="bbox 124 3036 1123 3194">
     <span class='ocr_line' id='line_1_27' title="bbox 165 3036 1123 3118; baseline 0.003 -24"><span class='ocrx_word' id='word_1_186' title='bbox 165 3036 201 3094; x_wconf 81' lang='lat' dir='ltr'>Et</span> <span class='ocrx_word' id='word_1_187' title='bbox 214 3039 286 3113; x_wconf 74' lang='lat' dir='ltr'>leges</span> <span class='ocrx_word' id='word_1_188' title='bbox 299 3040 445 3112; x_wconf 83' lang='lat' dir='ltr'>populorum</span> <span class='ocrx_word' id='word_1_189' title='bbox 460 3041 597 3099; x_wconf 82' lang='lat' dir='ltr'>cultiorum</span> <span class='ocrx_word' id='word_1_190' title='bbox 612 3053 666 3114; x_wconf 80' lang='lat' dir='ltr'>prta</span> <span class='ocrx_word' id='word_1_191' title='bbox 678 3041 844 3098; x_wconf 83' lang='lat' dir='ltr'>naturalibus</span> <span class='ocrx_word' id='word_1_192' title='bbox 850 3037 981 3118; x_wconf 67' lang='lat' dir='ltr'>fouent}</span> <span class='ocrx_word' id='word_1_193' title='bbox 1006 3043 1123 3107; x_wconf 66' lang='lat' dir='ltr'>Dederis</span> 
     </span>
     <span class='ocr_line' id='line_1_28' title="bbox 124 3115 1123 3194; baseline 0.008 -21"><span class='ocrx_word' id='word_1_194' title='bbox 124 3125 171 3174; x_wconf 89' lang='lat' dir='ltr'>tur</span> <span class='ocrx_word' id='word_1_195' title='bbox 185 3115 227 3171; x_wconf 86' lang='lat' dir='ltr'>his</span> <span class='ocrx_word' id='word_1_196' title='bbox 243 3117 427 3174; x_wconf 80' lang='lat' dir='ltr'>nihilominus</span> <span class='ocrx_word' id='word_1_197' title='bbox 441 3117 615 3176; x_wconf 82' lang='lat' dir='ltr'>alimenta&amp;</span> <span class='ocrx_word' id='word_1_198' title='bbox 629 3118 763 3176; x_wconf 87' lang='lat' dir='ltr'>educatio</span> <span class='ocrx_word' id='word_1_199' title='bbox 779 3135 857 3192; x_wconf 84' lang='lat' dir='ltr'>aeque</span> <span class='ocrx_word' id='word_1_200' title='bbox 874 3135 907 3174; x_wconf 88' lang='lat' dir='ltr'>ac</span> <span class='ocrx_word' id='word_1_201' title='bbox 922 3116 1017 3178; x_wconf 89' lang='lat' dir='ltr'>liberis</span> <span class='ocrx_word' id='word_1_202' title='bbox 1034 3124 1123 3194; x_wconf 56' lang='lat' dir='ltr'>maxig</span> 
     </span>
    </p>
   </div>
   <div class='ocr_carea' id='block_1_7' title="bbox 124 3191 709 3346">
    <p class='ocr_par' dir='ltr' id='par_1_7' title="bbox 124 3191 709 3346">
     <span class='ocr_line' id='line_1_29' title="bbox 124 3191 334 3268; baseline 0.014 -20"><span class='ocrx_word' id='word_1_203' title='bbox 124 3207 174 3260; x_wconf 82' lang='lat' dir='ltr'>me</span> <span class='ocrx_word' id='word_1_204' title='bbox 189 3191 334 3268; x_wconf 82' lang='lat' dir='ltr'>legitimis.</span> 
     </span>
     <span class='ocr_line' id='line_1_30' title="bbox 376 3269 709 3346; baseline -0.003 -17"><span class='ocrx_word' id='word_1_205' title='bbox 376 3271 378 3277; x_wconf 87' lang='lat'>&#39;</span> <span class='ocrx_word' id='word_1_206' title='bbox 538 3271 565 3346; x_wconf 69' lang='lat' dir='ltr'>i.</span> <span class='ocrx_word' id='word_1_207' title='bbox 605 3272 633 3330; x_wconf 93' lang='lat' dir='ltr'>X</span> <span class='ocrx_word' id='word_1_208' title='bbox 652 3271 665 3329; x_wconf 92' lang='lat'><em>1</em></span> <span class='ocrx_word' id='word_1_209' title='bbox 685 3269 709 3329; x_wconf 89' lang='lat' dir='ltr'>l.</span> 
     </span>
    </p>
   </div>
   <div class='ocr_carea' id='block_1_8' title="bbox 119 3421 1194 4040">
    <p class='ocr_par' dir='ltr' id='par_1_8' title="bbox 119 3421 1194 3805">
     <span class='ocr_line' id='line_1_31' title="bbox 162 3421 1114 3503; baseline 0.009 -26"><span class='ocrx_word' id='word_1_210' title='bbox 162 3421 227 3478; x_wconf 80' lang='lat' dir='ltr'>Plus</span> <span class='ocrx_word' id='word_1_211' title='bbox 252 3437 345 3496; x_wconf 81' lang='lat' dir='ltr'>quoque</span> <span class='ocrx_word' id='word_1_212' title='bbox 367 3421 517 3498; x_wconf 65' lang='lat' dir='ltr'>referendus</span> <span class='ocrx_word' id='word_1_213' title='bbox 547 3425 696 3496; x_wconf 61' lang='lat' dir='ltr'>peculiaris,</span> <span class='ocrx_word' id='word_1_214' title='bbox 716 3424 785 3480; x_wconf 79' lang='lat' dir='ltr'>olias</span> <span class='ocrx_word' id='word_1_215' title='bbox 807 3423 962 3503; x_wconf 62' lang='lat' dir='ltr'>odquipendi</span> <span class='ocrx_word' id='word_1_216' title='bbox 986 3425 1077 3484; x_wconf 82' lang='lat' dir='ltr'>nttdur</span> <span class='ocrx_word' id='word_1_217' title='bbox 1090 3426 1114 3502; x_wconf 70' lang='grc' dir='ltr'>Ι.</span> 
     </span>
     <span class='ocr_line' id='line_1_32' title="bbox 119 3494 1120 3580; baseline 0.009 -28"><span class='ocrx_word' id='word_1_218' title='bbox 119 3494 283 3560; x_wconf 86' lang='lat' dir='ltr'>Dicendum</span> <span class='ocrx_word' id='word_1_219' title='bbox 303 3500 367 3553; x_wconf 84' lang='lat' dir='ltr'>neit</span> <span class='ocrx_word' id='word_1_220' title='bbox 391 3499 465 3561; x_wconf 88' lang='lat' dir='ltr'>idem</span> <span class='ocrx_word' id='word_1_221' title='bbox 485 3500 591 3571; x_wconf 87' lang='lat' dir='ltr'>ipsum,</span> <span class='ocrx_word' id='word_1_222' title='bbox 612 3499 690 3573; x_wconf 89' lang='lat' dir='ltr'>quod</span> <span class='ocrx_word' id='word_1_223' title='bbox 709 3509 770 3557; x_wconf 82' lang='lat' dir='ltr'>noto</span> <span class='ocrx_word' id='word_1_224' title='bbox 794 3498 827 3555; x_wconf 87' lang='lat' dir='ltr'>ad</span> <span class='ocrx_word' id='word_1_225' title='bbox 849 3499 874 3571; x_wconf 66' lang='lat' dir='ltr'>i.</span> <span class='ocrx_word' id='word_1_226' title='bbox 901 3516 943 3557; x_wconf 76' lang='grc' dir='ltr'>ιο,</span> <span class='ocrx_word' id='word_1_227' title='bbox 966 3503 1038 3558; x_wconf 88' lang='lat' dir='ltr'>circa</span> <span class='ocrx_word' id='word_1_228' title='bbox 1054 3502 1120 3580; x_wconf 55' lang='grc' dir='ltr'>[μσς</span> 
     </span>
     <span class='ocr_line' id='line_1_33' title="bbox 119 3568 1117 3655; baseline 0.011 -29"><span class='ocrx_word' id='word_1_229' title='bbox 119 3568 239 3650; x_wconf 63' lang='lat' dir='ltr'>pefflones</span> <span class='ocrx_word' id='word_1_230' title='bbox 253 3575 286 3646; x_wconf 74' lang='lat' dir='ltr'>ul</span> <span class='ocrx_word' id='word_1_231' title='bbox 306 3571 428 3642; x_wconf 74' lang='lat' dir='ltr'>intestato</span> <span class='ocrx_word' id='word_1_232' title='bbox 444 3576 602 3642; x_wconf 76' lang='lat' dir='ltr'>observavi.</span> <span class='ocrx_word' id='word_1_233' title='bbox 639 3577 755 3652; x_wconf 87' lang='lat' dir='ltr'>Quippe</span> <span class='ocrx_word' id='word_1_234' title='bbox 780 3573 896 3652; x_wconf 67' lang='lat' dir='ltr'>risucspt&#39;o</span> <span class='ocrx_word' id='word_1_235' title='bbox 915 3595 947 3634; x_wconf 91' lang='lat' dir='ltr'>ac</span> <span class='ocrx_word' id='word_1_236' title='bbox 964 3576 1117 3655; x_wconf 73' lang='lat' dir='ltr'>prescriptio</span> 
     </span>
     <span class='ocr_line' id='line_1_34' title="bbox 120 3648 1194 3728; baseline 0.008 -20"><span class='ocrx_word' id='word_1_237' title='bbox 120 3652 153 3708; x_wconf 92' lang='lat' dir='ltr'>in</span> <span class='ocrx_word' id='word_1_238' title='bbox 178 3649 203 3705; x_wconf 87' lang='lat' dir='ltr'>le</span> <span class='ocrx_word' id='word_1_239' title='bbox 219 3648 258 3705; x_wconf 88' lang='lat' dir='ltr'>est</span> <span class='ocrx_word' id='word_1_240' title='bbox 275 3649 377 3708; x_wconf 84' lang='lat' dir='ltr'>modus</span> <span class='ocrx_word' id='word_1_241' title='bbox 400 3652 570 3726; x_wconf 86' lang='lat' dir='ltr'>adquirendi</span> <span class='ocrx_word' id='word_1_242' title='bbox 595 3651 727 3711; x_wconf 84' lang='lat' dir='ltr'>fundatus</span> <span class='ocrx_word' id='word_1_243' title='bbox 747 3653 811 3722; x_wconf 83' lang='lat' dir='ltr'>jure</span> <span class='ocrx_word' id='word_1_244' title='bbox 834 3656 969 3712; x_wconf 85' lang='lat' dir='ltr'>naturali:</span> <span class='ocrx_word' id='word_1_245' title='bbox 991 3669 1116 3728; x_wconf 89' lang='lat' dir='ltr'>tantum,</span> <span class='ocrx_word' id='word_1_246' title='bbox 1192 3682 1194 3689; x_wconf 56' lang='lat'>,</span> 
     </span>
     <span class='ocr_line' id='line_1_35' title="bbox 120 3723 931 3805; baseline 0 -20"><span class='ocrx_word' id='word_1_247' title='bbox 120 3723 249 3798; x_wconf 84' lang='lat' dir='ltr'>ejusdem</span> <span class='ocrx_word' id='word_1_248' title='bbox 266 3736 422 3798; x_wconf 81' lang='lat' dir='ltr'>tempusue</span> <span class='ocrx_word' id='word_1_249' title='bbox 437 3728 554 3788; x_wconf 90' lang='lat' dir='ltr'>modum</span> <span class='ocrx_word' id='word_1_250' title='bbox 572 3730 648 3805; x_wconf 82' lang='lat' dir='ltr'>leges</span> <span class='ocrx_word' id='word_1_251' title='bbox 664 3730 762 3788; x_wconf 79' lang='lat' dir='ltr'>civiles</span> <span class='ocrx_word' id='word_1_252' title='bbox 784 3727 931 3791; x_wconf 87' lang='lat' dir='ltr'>definiunt.</span> 
     </span>
    </p>

    <p class='ocr_par' dir='ltr' id='par_1_9' title="bbox 120 3801 1120 4040">
     <span class='ocr_line' id='line_1_36' title="bbox 160 3801 1120 3884; baseline 0.008 -25"><span class='ocrx_word' id='word_1_253' title='bbox 160 3801 242 3884; x_wconf 64' lang='lat' dir='ltr'>liujus</span> <span class='ocrx_word' id='word_1_254' title='bbox 250 3803 325 3879; x_wconf 81' lang='lat' dir='ltr'>juris</span> <span class='ocrx_word' id='word_1_255' title='bbox 338 3802 505 3882; x_wconf 77' lang='lat' dir='ltr'>introdullil.</span> <span class='ocrx_word' id='word_1_256' title='bbox 546 3808 614 3867; x_wconf 86' lang='lat' dir='ltr'>Hoc</span> <span class='ocrx_word' id='word_1_257' title='bbox 628 3807 672 3876; x_wconf 86' lang='lat' dir='ltr'>jus</span> <span class='ocrx_word' id='word_1_258' title='bbox 689 3823 724 3865; x_wconf 82' lang='lat' dir='ltr'>ex</span> <span class='ocrx_word' id='word_1_259' title='bbox 746 3806 806 3880; x_wconf 85' lang='lat' dir='ltr'>ipso</span> <span class='ocrx_word' id='word_1_260' title='bbox 821 3806 941 3866; x_wconf 89' lang='lat' dir='ltr'>dominii</span> <span class='ocrx_word' id='word_1_261' title='bbox 956 3809 1012 3865; x_wconf 88' lang='lat' dir='ltr'>line</span> <span class='ocrx_word' id='word_1_262' title='bbox 1029 3809 1120 3883; x_wconf 80' lang='lat' dir='ltr'>sequi·</span> 
     </span>
     <span class='ocr_line' id='line_1_37' title="bbox 120 3877 1120 3960; baseline 0.008 -25"><span class='ocrx_word' id='word_1_263' title='bbox 120 3890 176 3936; x_wconf 89' lang='lat' dir='ltr'>tur.</span> <span class='ocrx_word' id='word_1_264' title='bbox 201 3880 302 3957; x_wconf 73' lang='lat' dir='ltr'>‘Quod</span> <span class='ocrx_word' id='word_1_265' title='bbox 324 3877 383 3936; x_wconf 83' lang='lat' dir='ltr'>fuse</span> <span class='ocrx_word' id='word_1_266' title='bbox 405 3897 439 3938; x_wconf 90' lang='lat' dir='ltr'>ac</span> <span class='ocrx_word' id='word_1_267' title='bbox 460 3882 536 3938; x_wconf 88' lang='lat' dir='ltr'>nova</span> <span class='ocrx_word' id='word_1_268' title='bbox 557 3881 671 3940; x_wconf 90' lang='lat' dir='ltr'>ratione</span> <span class='ocrx_word' id='word_1_269' title='bbox 691 3882 801 3939; x_wconf 89' lang='lat' dir='ltr'>ostendi</span> <span class='ocrx_word' id='word_1_270' title='bbox 824 3883 852 3937; x_wconf 91' lang='lat' dir='ltr'>in</span> <span class='ocrx_word' id='word_1_271' title='bbox 875 3887 1120 3960; x_wconf 76' lang='lat' dir='ltr'>commentatione</span> 
     </span>
     <span class='ocr_line' id='line_1_38' title="bbox 123 3953 1064 4040; baseline 0.009 -28"><span class='ocrx_word' id='word_1_272' title='bbox 123 3954 160 4013; x_wconf 84' lang='lat' dir='ltr'>ad</span> <span class='ocrx_word' id='word_1_273' title='bbox 174 3953 254 4031; x_wconf 88' lang='lat' dir='ltr'>Opus</span> <span class='ocrx_word' id='word_1_274' title='bbox 271 3953 367 4026; x_wconf 86' lang='lat' dir='ltr'>Majus</span> <span class='ocrx_word' id='word_1_275' title='bbox 387 3955 413 4032; x_wconf 90' lang='lat' dir='ltr'>J.</span> <span class='ocrx_word' id='word_1_276' title='bbox 432 3957 472 4029; x_wconf 83' lang='lat' dir='ltr'>N.</span> <span class='ocrx_word' id='word_1_277' title='bbox 493 3956 520 4037; x_wconf 61' lang='grc' dir='ltr'>ἀ</span> <span class='ocrx_word' id='word_1_278' title='bbox 542 3959 576 4039; x_wconf 72' lang='lat' dir='ltr'>Q.</span> <span class='ocrx_word' id='word_1_279' title='bbox 597 3959 644 4015; x_wconf 83' lang='lat' dir='ltr'>lii.</span> <span class='ocrx_word' id='word_1_280' title='bbox 664 3956 712 4018; x_wconf 83' lang='lat' dir='ltr'>W.</span> <span class='ocrx_word' id='word_1_281' title='bbox 731 3969 788 4036; x_wconf 61' lang='lat' dir='ltr'>cup,</span> <span class='ocrx_word' id='word_1_282' title='bbox 809 3972 854 4036; x_wconf 51' lang='lat' dir='ltr'>ras</span> <span class='ocrx_word' id='word_1_283' title='bbox 872 3961 898 4034; x_wconf 69' lang='lat' dir='ltr'>i·</span> <span class='ocrx_word' id='word_1_284' title='bbox 919 3965 946 4040; x_wconf 27' lang='lat'>8¹.</span> <span class='ocrx_word' id='word_1_285' title='bbox 966 3971 1018 4018; x_wconf 84' lang='lat' dir='ltr'>att.</span> <span class='ocrx_word' id='word_1_286' title='bbox 1037 3965 1064 4022; x_wconf 75' lang='grc'>8.</span> 
     </span>
    </p>
   </div>
   <div class='ocr_carea' id='block_1_9' title="bbox 159 4111 1122 4346">
    <p class='ocr_par' dir='ltr' id='par_1_10' title="bbox 159 4111 1122 4346">
     <span class='ocr_line' id='line_1_39' title="bbox 530 4111 728 4189; baseline 0.005 -18"><span class='ocrx_word' id='word_1_287' title='bbox 530 4114 556 4189; x_wconf 72' lang='grc' dir='ltr'>ς.</span> <span class='ocrx_word' id='word_1_288' title='bbox 595 4111 728 4175; x_wconf 81' lang='lat' dir='ltr'><strong>XIII.</strong></span> 
     </span>
     <span class='ocr_line' id='line_1_40' title="bbox 159 4244 1122 4346; baseline 0.013 -27"><span class='ocrx_word' id='word_1_289' title='bbox 159 4262 200 4325; x_wconf 86' lang='lat' dir='ltr'>Ut</span> <span class='ocrx_word' id='word_1_290' title='bbox 215 4264 329 4341; x_wconf 62' lang='lat' dir='ltr'>nempe}</span> <span class='ocrx_word' id='word_1_291' title='bbox 368 4265 436 4330; x_wconf 89' lang='lat' dir='ltr'>Hoc</span> <span class='ocrx_word' id='word_1_292' title='bbox 457 4265 496 4327; x_wconf 91' lang='lat' dir='ltr'>est</span> <span class='ocrx_word' id='word_1_293' title='bbox 517 4266 587 4340; x_wconf 86' lang='lat' dir='ltr'>juris</span> <span class='ocrx_word' id='word_1_294' title='bbox 609 4265 752 4326; x_wconf 86' lang='lat' dir='ltr'>naturalis.</span> <span class='ocrx_word' id='word_1_295' title='bbox 789 4265 886 4340; x_wconf 87' lang='lat' dir='ltr'>Vide,</span> <span class='ocrx_word' id='word_1_296' title='bbox 914 4283 977 4345; x_wconf 82' lang='lat' dir='ltr'>quae</span> <span class='ocrx_word' id='word_1_297' title='bbox 1002 4244 1122 4346; x_wconf 58' lang='lat' dir='ltr'>disiaci</span> 
     </span>
    </p>
   </div>
   <div class='ocr_carea' id='block_1_10' title="bbox 122 4338 1121 4502">
    <p class='ocr_par' dir='ltr' id='par_1_11' title="bbox 122 4338 1121 4502">
     <span class='ocr_line' id='line_1_41' title="bbox 122 4338 791 4426; baseline 0.003 -26"><span class='ocrx_word' id='word_1_298' title='bbox 122 4338 205 4420; x_wconf 85' lang='lat' dir='ltr'>Opus</span> <span class='ocrx_word' id='word_1_299' title='bbox 225 4339 321 4413; x_wconf 79' lang='lat' dir='ltr'>Maius</span> <span class='ocrx_word' id='word_1_300' title='bbox 340 4342 386 4406; x_wconf 73' lang='lat' dir='ltr'>lib.</span> <span class='ocrx_word' id='word_1_301' title='bbox 406 4343 455 4408; x_wconf 81' lang='lat' dir='ltr'>IV.</span> <span class='ocrx_word' id='word_1_302' title='bbox 468 4359 532 4425; x_wconf 78' lang='lat' dir='ltr'>cap.</span> <span class='ocrx_word' id='word_1_303' title='bbox 553 4359 600 4404; x_wconf 78' lang='grc' dir='ltr'>ιο.</span> <span class='ocrx_word' id='word_1_304' title='bbox 622 4344 647 4418; x_wconf 72' lang='lat' dir='ltr'>i.</span> <span class='ocrx_word' id='word_1_305' title='bbox 669 4359 695 4400; x_wconf 82' lang='lat'>2.</span> <span class='ocrx_word' id='word_1_306' title='bbox 715 4341 743 4401; x_wconf 83' lang='lat' dir='ltr'>dt</span> <span class='ocrx_word' id='word_1_307' title='bbox 763 4356 791 4426; x_wconf 78' lang='lat'>4.</span> 
     </span>
     <span class='ocr_line' id='line_1_42' title="bbox 131 4418 1121 4502; baseline 0 0"><span class='ocrx_word' id='word_1_308' title='bbox 131 4496 135 4502; x_wconf 90' lang='lat'>.</span> <span class='ocrx_word' id='word_1_309' title='bbox 617 4420 693 4495; x_wconf 80' lang='lat' dir='ltr'>Pan</span> <span class='ocrx_word' id='word_1_310' title='bbox 712 4427 743 4493; x_wconf 70' lang='lat' dir='ltr'>a·</span> <span class='ocrx_word' id='word_1_311' title='bbox 834 4466 837 4476; x_wconf 45' lang='grc' dir='ltr'>ι</span> <span class='ocrx_word' id='word_1_312' title='bbox 975 4423 1001 4502; x_wconf 88' lang='lat' dir='ltr'>l·</span> <span class='ocrx_word' id='word_1_313' title='bbox 1029 4418 1121 4481; x_wconf 70' lang='lat' dir='ltr'><strong>XIV·</strong></span> 
     </span>
    </p>
   </div>
   <div class='ocr_carea' id='block_1_11' title="bbox 0 0 1522 5509">
    <p class='ocr_par' dir='ltr' id='par_1_12' title="bbox 0 0 1522 5509">
     <span class='ocr_line' id='line_1_43' title="bbox 0 0 1522 5509; baseline 0 7"><span class='ocrx_word' id='word_1_314' title='bbox 0 0 1522 5509; x_wconf 95' lang='lat' dir='ltr'> </span> 
     </span>
    </p>
   </div>
  </div>
 </body>
</html>
