3034 5509
243 612 318 730 ¹94'2
442 625 583 705 Nora
613 621 675 721 Jo.
706 610 1057 701 Brunmrcrr''

246 824 293 868 ma
308 801 494 875 respiicentia
509 802 570 869 cll,
591 797 784 858 emendationi
808 798 875 856 dare
897 817 1032 871 operam:
1051 799 1096 856 cui
1114 815 1187 856 uero
1206 798 1251 858 in·

168 916 170 918 v
248 884 347 942 stituto
365 878 439 935 baud
455 880 491 934 ita
509 876 645 934 conducit
665 894 779 935 moeror.
821 881 862 934 Ut
876 878 940 950 quis
959 873 1057 932 officio
1077 877 1126 933 suo
1144 875 1249 949 sunga-

247 973 294 1018 tur
314 957 450 1022 feliciter,
473 954 601 1009 alacriter
618 951 894 1012 eidem'incumbrt.
917 953 1027 1009 necesse
1042 953 1102 1008 eil:
1125 954 1181 1023 sum
1197 969 1249 1011 nu·

246 1049 307 1107 ¹tem
325 1035 351 1091 ei
366 1031 415 1090 vin
429 1032 556 1088 alacriter
575 1030 753 1098 incubuerit,
774 1031 824 1102 qui
841 1029 955 1086 trislitlae
971 1029 997 1086 sc
1012 1029 1179 1104 permiserit.

680 1183 706 1257 p.
745 1180 814 1240 rx.

287 1341 378 1401 Datur
389 1349 510 1414 praterea
522 1338 658 1414 peculiaris
677 1333 790 1407 culmi]
812 1333 885 1391 Vide
899 1336 956 1393 Dn.
973 1338 1090 1394 Buonrr
1107 1336 1246 1396 Disserta-

249 1423 381 1489 tionem,
402 1418 448 1474 cui
463 1417 560 1473 titulus
582 1414 624 1471 De
636 1415 741 1471 cultura
758 1415 885 1487 iugenii3
906 1431 967 1485 quae
982 1414 1021 1469 est
1040 1416 1073 1470 V.
1091 1415 1166 1471 inter
1182 1416 1247 1486 ejus

248 1496 347 1556 Seleiio
362 1495 426 1573 Jur.
441 1492 510 1550 Not.
525 1487 563 1561 δᾶ
578 1492 648 1559 Gerrt
684 1492 731 1547 ubi
750 1490 844 1563 plures
866 1494 995 1566 egregia
1006 1492 1081 1548 circa
1099 1491 1175 1550 lrtnc
1188 1510 1248 1550 rna·

189 1598 192 1613 ]
251 1577 351 1635 teriam
366 1567 581 1629 obseruationes
596 1581 759 1625 occurrunt.

284 1650 395 1707 Cultura
410 1649 440 1704 in
458 1648 596 1703 variorum
618 1661 726 1714 rerum,
747 1647 844 1702 artium
865 1639 903 1711 δ’
925 1641 1146 1720 disciplinarum]
1169 1644 1249 1703 Vide

248 1724 413 1788 Discursum
429 1739 522 1780 meunt
543 1722 573 1780 de
591 1727 738 1782 litterarum
762 1740 794 1780 ot
802 1718 975 1797 scientiarum
993 1724 1111 1779 utilitate
1127 1725 1155 1779 in
1177 1725 1248 1779 civi-

248 1816 330 1863 tatem
351 1799 531 1862 redundante,
555 1801 620 1872 gall.
661 1798 775 1856 Dantur
801 1801 900 1854 nurirtoe
920 1801 1057 1872 uuicuique
1079 1796 1249 1876 necessarie:

250 1879 312 1937 aliae
331 1880 472 1949 unicuique
484 1878 578 1933 utiles:
599 1876 658 1933 aliar
678 1877 802 1949 denique
817 1878 896 1932 certis
918 1889 1019 1933 rantum
1036 1875 1186 1936 bominibus
1204 1895 1249 1933 ne·

250 1953 364 2034 cessarie
379 1966 427 2011 aru
441 1956 538 2021 utiles,-
560 1952 593 2007 iis
613 1967 733 2023 nempe,
755 1953 805 2023 qui
825 1953 993 2025 peculiarem
1010 1953 1133 2026 aliquam
1152 1965 1247 2012 artent

251 2045 300 2090 aut
323 2028 463 2086 scientiam
487 2027 613 2102 amplexi
634 2025 705 2085 sunt.
754 2027 879 2085 Cuilibet
901 2043 934 2083 ea
958 2031 1076 2099 omnia,
1104 2048 1167 2103 quae
1188 2047 1249 2089 non

250 2106 388 2166 universa
404 2105 493 2162 solum
509 2104 689 2171 hominibus,
714 2101 758 2162 sed
781 2103 863 2162 etiam
884 2106 937 2162 arti
952 2104 1004 2164 suae
1022 2116 1069 2162 aut
1085 2108 1150 2163 vitae
1171 2106 1249 2165 insli-

252 2197 317 2242 tuto
336 2180 452 2239 addictis
467 2177 606 2258 pereffluit
626 2178 705 2249 sunt,
726 2191 831 2256 quanta
846 2179 906 2237 fieri
923 2181 1030 2254 potest,
1052 2180 1182 2250 solertia,
1207 2185 1250 2240 irr-

250 2257 415 2331 uestigandr
436 2257 491 2316 else
514 2271 601 2331 atque
627 2255 819 2327 addiscenda,
842 2269 923 2314 extra
940 2275 1027 2316 omne
1053 2258 1172 2318 dubium
1198 2261 1248 2319 est.

251 2333 341 2416 Quod
355 2351 426 2394 vero
440 2334 549 2393 adtinet
562 2331 597 2390 ad
611 2334 719 2392 notitias
746 2337 825 2393 utiles
845 2333 902 2390 uve
924 2335 1104 2408 unicuique,
1124 2335 1184 2393 sive
1206 2355 1250 2395 ra·

144 2426 149 2446 ²
250 2418 332 2470 tione
347 2413 415 2469 artis
430 2426 477 2469 aut
491 2410 628 2479 scientia,
648 2428 732 2486 quam
747 2414 811 2486 quis
825 2410 991 2485 profitetur:
1008 2423 1118 2469 tantum
1134 2412 1184 2470 sabi
1202 2431 1251 2485 par

250 2486 338 2545 fuerit
363 2485 533 2560 adquirere,
561 2500 698 2563 quantum
720 2487 839 2563 praesens
861 2504 952 2545 rerum
976 2488 1108 2546 conditio
1130 2489 1250 2563 patitur.

250 2563 467 2642 Quaurplurima
481 2565 621 2622 hoccirca
633 2563 744 2639 possent
757 2564 870 2622 edisseri
881 2584 888 2622 ε
898 2579 926 2621 at
940 2564 954 2621 s
954 2563 1107 2622 uffecerint
1123 2567 1253 2624 lraecNo·

252 2652 289 2707 tae
304 2640 387 2708 loco,
409 2653 495 2715 atque
513 2642 549 2698 ad
568 2658 696 2714 campum
718 2643 751 2698 iis
768 2640 971 2715 aperiendum,
991 2643 1094 2716 quibus
1117 2641 1254 2720 persequi

250 2714 282 2774 irl
297 2716 408 2792 negotii
428 2717 546 2778 ulterius
565 2717 740 2795 propossrum
762 2717 860 2777 suerit.

684 2872 710 2945 t.
745 2871 815 2928 xr.

293 3020 340 3078 Vel
354 3019 566 3098 indignatione]
587 3021 658 3081 Utfi
672 3022 788 3082 soemina
803 3022 990 3084 violationem
1006 3025 1162 3102 pudicitie,
1179 3029 1256 3098 post·

255 3112 341 3173 quam
362 3098 430 3155 alias
458 3116 511 3173 pro
539 3100 645 3156 uiribus
675 3099 766 3158 renisa
788 3101 848 3168 est,
877 3104 992 3176 propria
1014 3106 1091 3161 caede
1121 3106 1257 3179 declinet.

253 3172 322 3310 Nffc
340 3173 419 3264 enim·
431 3174 632 3249 prudeutIores
654 3177 693 3236 ica
712 3175 860 3238 violentia
881 3178 1114 3242 succumbentem
1132 3185 1256 3244 minoris

252 3268 278 3312 a
303 3264 464 3312 imauerrnt.
750 3260 756 3268 ‘

659 3406 685 3484 r.
725 3406 842 3468 xvr.

208 3633 210 3636 Α
289 3559 350 3619 Aut
364 3561 560 3640 temporalib]
583 3560 665 3620 Talia
680 3559 757 3627 sunt,
778 3577 842 3634 qua
860 3560 888 3618 iu
906 3566 1110 3626 commercium
1126 3582 1187 3627 non
1204 3585 1256 3628 ve·

253 3636 359 3697 nlunr:
379 3637 420 3695 uti
433 3640 559 3694 membra
576 3637 706 3711 corporis
725 3635 831 3706 nostri,
852 3652 902 3696 aut
919 3641 989 3700 liber
1005 3647 1163 3703 eorundem
1181 3647 1257 3717 usus,

253 3712 393 3791 pudicitia
407 3713 533 3771 honellae
553 3713 673 3772 soeminae
685 3709 737 3770 tlte.
753 3721 756 3724 ’
780 3715 817 3773 Et
830 3714 888 3772 hoc
904 3732 1022 3794 quoque
1039 3722 1136 3778 locum
1151 3722 1257 3791 habet,

256 3806 322 3850 cum
345 3788 408 3864 quis
430 3805 475 3848 rer
497 3788 582 3846 etiam
605 3790 777 3864 reparabiles
801 3809 838 3851 eo
863 3805 992 3871 tempore
1016 3798 1100 3853 nobis
1126 3811 1259 3873 ereptum

255 3868 356 3934 venir,
375 3882 435 3941 quo
458 3863 591 3936 cognosci
615 3868 637 3923 is
657 3869 772 3940 nequit,
793 3883 842 3928 aut
865 3869 976 3944 sperare
997 3889 1055 3930 non
1077 3873 1260 3941 datursore,

257 3943 356 4000 utalia
379 3944 425 4001 via
446 3941 531 3999 nobis
552 3941 672 4002 satisfiat.
712 3944 780 4002 Inde
803 3949 886 4005 etiam
915 3951 1058 4006 variorum
1082 3950 1259 4022 populorum

257 4019 524 4088 constitutionibus,
549 4019 662 4095 ipsaque
684 4019 769 4098 Mrfis
788 4023 867 4099 lege,
889 4022 965 4085 sures
984 4027 1137 4088 nocturnus
1153 4027 1264 4087 licebat

258 4093 404 4156 occidere.

222 4184 226 4190 ·
465 4180 467 4184 ’
523 4181 527 4186 ’
649 4173 675 4250 i.
715 4177 743 4235 X
764 4176 792 4235 V
811 4178 824 4234 1
842 4180 864 4238 Ι.

256 4330 266 4387 ⁸:
297 4319 537 4405 lltnidrrslrtim
551 4331 715 4398 metuantur
732 4347 793 4400 euru
805 4333 931 4401 troanie
944 4335 1144 4420 ultropoffuru]
1165 4332 1272 4490 Ρὲἑῗεῆ

1260 4450 1275 4489 0
