3034 5509
297 645 347 703 aa
394 627 496 703 San.
521 627 931 744 ¹Ptreartnonnlaru.
957 627 986 704 1.
1069 646 1146 724 931
1181 654 1183 659 ·

152 819 222 861 vere
236 800 406 878 aareffitotern
434 804 573 878 quandam
594 805 711 860 moralem
731 797 966 879 indispensobilern:
988 818 1050 878 quoe
1065 820 1139 863 vero

150 879 297 940 neceliitas
314 897 372 938 non
389 881 439 938 nisi
453 898 468 936 a
484 881 625 954 principio
641 891 783 950 externo,
807 883 881 939 Erote
901 897 1019 953 nempe,
1035 883 1079 936 cui
1089 880 1140 954 jar

148 969 293 1030 competat
308 959 392 1016 certis
408 959 512 1030 regulis
527 973 581 1014 nos
598 955 782 1025 subjiciendi,
805 957 833 1014 dt
854 957 1136 1015 contravenientious
1252 984 1255 988 Δ

145 1037 249 1092 uralum
274 1033 508 1110 repraelenttndi,
539 1034 646 1105 imponi
663 1032 741 1100 palie
764 1033 939 1104 intelligitur.
982 1033 1056 1090 Vide
1076 1049 1139 1104 quoa

144 1112 214 1168 ditia
246 1109 308 1170 sunt
344 1109 380 1168 ad
402 1104 540 1184 lipijlalarn
566 1106 707 1185 censoriam
729 1112 862 1186 Ananpnl
898 1112 1038 1170 adnexam
1064 1108 1137 1169 inita

142 1187 168 1262 i.
190 1204 233 1260 15.

572 1343 598 1413 i.
636 1339 705 1400 IV.

179 1491 305 1568 Sequitur
319 1509 403 1567 ergo,
422 1504 454 1551 ut
468 1495 515 1551 illo
528 1495 696 1569 obligationis
703 1490 744 1570 fit
757 1503 856 1566 capax,
877 1495 919 1566 oui
932 1487 988 1567 &i
1010 1493 1079 1550 Haec
1094 1490 1135 1552 est

139 1581 220 1627 cauta
237 1571 351 1641 propria
373 1586 405 1626 oc
423 1569 715 1628 innnediata:‘alrera
737 1571 778 1626 est
801 1581 909 1626 tantum
931 1569 1061 1626 conditio
1083 1585 1135 1624 ne·

139 1646 256 1703 celiario
276 1644 682 1720 suppofitaequenradntodunr
698 1663 732 1704 ex
748 1663 785 1703 eo
797 1644 929 1714 adparet,
940 1646 1017 1719 quod
1033 1644 1134 1716 Deus,

138 1735 203 1778 utut
226 1722 387 1796 intelligens
414 1740 447 1779 ac
472 1723 544 1782 liber
559 1723 699 1782 infinitum
718 1722 749 1782 in
770 1721 908 1794 utodum,
936 1736 1025 1796 capax
1039 1734 1136 1782 tauron

136 1797 321 1873 obligationis
335 1812 394 1856 non
409 1798 452 1857 su.

590 1953 616 2032 r.
655 1951 692 2012 v.

171 2102 351 2164 Iatrodact'tur
364 2107 487 2182 obligatio
511 2107 540 2163 in
560 2110 675 2165 animant
694 2105 803 2165 bominis
825 2105 926 2182 propola
950 2125 967 2164 a
978 2102 1134 2186 sraperiora]

136 2179 211 2238 Vide
228 2199 289 2255 quae
305 2183 362 2241 oliti
379 2187 412 2238 ad
429 2177 565 2255 Epistolam
579 2182 716 2260 consortium
732 2186 863 2257 Anonymi
875 2184 900 2256 i.
924 2199 967 2250 19.

174 2256 226 2315 Coi
238 2255 398 2334 nonsolam]
412 2261 458 2315 Vis
474 2259 558 2330 plane
571 2277 630 2319 non
644 2258 802 2332 ingreditur
815 2258 1048 2316 constitutionem
1062 2261 1132 2328 juria

135 2333 304 2406 imponendi
324 2336 524 2409 alligationem:
546 2336 661 2394 inlerrit
685 2347 797 2393 tantum
818 2334 855 2391 ad
876 2336 920 2405 jus
943 2332 1015 2390 illud
1037 2333 1133 2393 sufful-

132 2409 288 2471 ciendum.
310 2423 396 2482 atque
412 2410 511 2468 efficax
528 2411 714 2468 reddendum.

175 2487 302 2566 Rationes
313 2500 399 2543 aurern
406 2482 481 2562 &cl
497 2486 585 2543 Prout
601 2501 740 2562 concepta
755 2487 816 2545 hac
829 2485 1028 2560 periodusell3
1039 2485 1131 2561 linga.

130 2561 250 2636 la,quae
267 2563 478 2635 completinur,
490 2576 649 2630 rnornenta,
660 2562 848 2635 autleparatae
864 2564 987 2620 invicem
1004 2566 1132 2625 rationes

130 2639 220 2702 sunt;
248 2652 297 2696 aut
317 2640 462 2698 confluere
486 2637 565 2697 simul
589 2641 695 2698 debent
722 2639 757 2697 ad
788 2639 1020 2698 constituendum
1042 2657 1132 2700 unutn
1240 2666 1242 2669 ·

130 2717 437 2786 fundamentumiuris
465 2717 631 2789 inponendi
660 2715 876 2788 obligationem.
922 2717 960 2774 lit
982 2718 1046 2774 heic
1068 2733 1130 2779 nou
1224 2750 1226 2755 ·
1273 2740 1277 2747 ·

128 2791 311 2868 perspicitur,
323 2806 416 2851 utrum
430 2795 507 2863 prius
521 2809 573 2860 ‚an
590 2792 729 2867 posterius
739 2795 846 2851 Auilor
860 2793 991 2851 voluerit,
1011 2795 1040 2850 ln
1050 2794 1128 2867 Ope·

128 2886 164 2927 re
177 2867 292 2942 quidem
309 2871 418 2940 Maiori
433 2873 468 2927 de
483 2869 508 2945 J.
524 2870 563 2926 N.
578 2869 604 2926 dt
621 2872 655 2927 G.
666 2871 710 2928 illo.
725 2869 748 2924 l.
765 2877 853 2942 capo.
871 2870 896 2944 i.
915 2885 957 2926 12.
982 2871 1019 2927 ita
1035 2871 1130 2944 eapti·

128 2948 185 3004 anit
202 2957 325 3004 urentem
343 2947 433 3013 luam,
455 2958 485 3003 ut
501 2945 552 3002 tria
566 2949 662 3020 priora
684 2960 829 3004 momenta
852 2946 930 3004 liurul
946 2945 1127 3016 cohereant,

126 3037 274 3094 unamque
298 3023 370 3079 adeo
393 3024 542 3081 notionem
560 3025 750 3084 corrllltuant;
770 3037 901 3094 quartum
925 3039 995 3079 vero
1009 3023 1129 3082 niterent

125 3098 277 3156 exhibeat.
313 3100 382 3156 Hac
400 3100 516 3173 quidem
536 3101 657 3158 variatio
679 3116 711 3156 uc
735 3099 863 3156 confusio
878 3101 933 3167 jann
957 3099 1064 3171 signum
1086 3099 1127 3158 eli

125 3176 172 3234 rei
193 3176 284 3234 minus
309 3175 418 3249 liquido
446 3190 610 3250 percepta:
641 3193 739 3232 veroin
766 3175 785 3233 sr
806 3175 1004 3251 ponderentur
1026 3192 1128 3235 onrnct

124 3252 273 3318 rationes,
294 3255 397 3326 quibus
416 3253 460 3321 jus
476 3253 536 3309 aliis
561 3252 716 3324 imperandi
738 3252 923 3325 lupretliruit:
947 3251 1029 3309 facile
1044 3253 1130 3323 adpa-

124 3328 219 3393 tebit,
243 3329 347 3385 nullam
364 3327 435 3395 elie,
459 3345 521 3402 quae
537 3347 587 3399 per
610 3330 637 3386 se
661 3331 723 3385 latis
746 3330 849 3384 habeat
872 3328 1035 3386 validitatis.
1075 3330 1130 3384 Be-

126 3404 264 3462 neficium
285 3408 392 3476 quippe
408 3404 478 3460 nihil
496 3403 588 3467 aliud,
611 3421 695 3477 quam
712 3403 911 3475 gratitudinem
925 3403 1070 3472 deposcir3
1091 3401 1128 3463 ad

127 3495 216 3556 qtraur
232 3479 386 3536 tollendam
406 3496 478 3537 vero
496 3480 637 3536 neteliutn
658 3496 715 3536 non
735 3477 775 3534 est
799 3477 988 3534 beneiailorlr
1010 3479 1035 3533 le
1052 3480 1127 3537 dire·

129 3556 220 3617 ilioni
236 3555 380 3623 subjicere.
421 3555 550 3614 Servavit
566 3558 632 3626 aquis
653 3572 678 3610 e.
698 3572 725 3630 g.
746 3555 827 3613 alteri
843 3555 950 3611 vitain:
971 3557 1021 3612 vix
1037 3556 1127 3617 ullum

127 3635 195 3694 sane
210 3631 377 3690 beneficium
394 3633 499 3691 exstare
520 3632 608 3700 majus
631 3633 742 3704 poteil:
763 3649 797 3688 an
815 3631 882 3686 ideo
896 3631 941 3702 jus
958 3631 1006 3688 ille
1022 3634 1126 3700 habeat

129 3707 282 3786 exigendi,
304 3719 335 3765 ut
354 3707 401 3766 hic
420 3708 502 3781 ipirus
520 3709 665 3779 imperium
681 3707 836 3786 agnoscat?
853 3709 895 3766 En
909 3725 946 3765 eo
963 3705 1127 3780 solunrpor.

127 3805 180 3852 ro,
199 3782 279 3860 quod
299 3788 363 3859 quis
379 3783 459 3842 alteri
477 3791 550 3842 bene
566 3787 652 3851 uelit,
673 3785 699 3843 dt
721 3786 823 3843 reilius
842 3786 943 3853 etiam,
966 3805 1050 3859 quarn
1067 3789 1124 3862 ipse

127 3862 222 3929 valet,
244 3860 337 3920 eidem
351 3862 513 3936 prospicere
528 3860 628 3934 poliitt
650 3879 708 3919 non
726 3863 870 3932 sequitur,
892 3862 931 3916 illi
946 3862 990 3932 ius
1007 3865 1125 3925 accede-

127 3957 162 4000 re
177 3937 242 3997 lruic
259 3936 432 4011 imperandi;
452 3939 561 3996 fatente
577 3937 699 3995 nullate
715 3937 791 4011 ipso,
811 3938 859 4011 qui
876 3935 945 3996 illud
961 3938 1020 3996 fule
1031 3943 1125 4000 olien-

128 4017 172 4074 dit
188 4016 215 4075 in
234 4015 331 4089 Opere
347 4016 454 4085 Maiori
469 4016 515 4073 lilr.
534 4014 586 4087 ill.
606 4026 661 4086 cop.
683 4031 708 4073 2.
729 4011 755 4089 i.
774 4017 800 4075 8.
843 4012 931 4074 Sic&
954 4017 1120 4094 consensus,

128 4111 191 4168 quo
211 4096 238 4150 in
259 4094 374 4153 alterius
390 4094 591 4164 subjeiiionem
607 4093 670 4162 quia
694 4088 854 4158 descendit,
875 4107 927 4166 per
942 4091 969 4148 se
982 4095 1123 4167 obligato·

128 4170 269 4241 rius-non
293 4171 353 4228 est:
373 4183 459 4244 prout
483 4168 554 4246 illud
577 4171 691 4227 tollatur
709 4168 794 4225 etiarn
818 4168 876 4238 iple
893 4170 999 4227 Aodor
1019 4172 1123 4235 eodem

116 4245 230 4318 -Opere
251 4244 331 4301 lilai.
353 4260 410 4322 cap.
427 4253 453 4307 d.
470 4246 501 4322 i.
519 4253 550 4308 62·
566 4257 624 4321 cap.
638 4260 664 4317 7.
684 4242 709 4319 i.
735 4258 778 4315 13.
807 4242 894 4303 (till.
917 4245 995 4305 Viti.
1017 4261 1072 4323 cap.
1095 4267 1122 4312 1.

118 4323 155 4433 ᾗ.
175 4330 207 4397 ’5.
242 4318 298 4385 Ha
311 4335 382 4399 ergo
396 4339 503 4391 oman·
518 4318 886 4468 rationtsNobligatianena·
899 4339 960 4386 non
979 4325 1029 4387 nili
1052 4320 1120 4464 odoll-

118 4420 125 4449 r
684 4413 768 4466 nuit
1082 4404 1123 4468 io·
