3034 5509
460 666 586 741 arr.
625 612 677 738 ti.
752 663 881 742 clv.
919 665 987 741 xi.
1157 678 1227 766 761

234 870 294 936 ra,
322 848 355 920 in
382 843 522 917 civitate
542 842 678 937 vigeat3
716 841 814 913 acin
845 842 965 938 scholis
989 843 1132 937 publicis
1157 847 1227 946 (e)

236 948 315 1023 talia
341 945 502 1043 dogmata
535 938 583 1034 (f
592 946 607 1033 l
635 938 828 1028 tradantur,
865 965 938 1037 quae
965 963 1046 1015 cum
1077 943 1150 1021 fine
1181 948 1230 1021 ci.

238 1063 383 1127 vitatum
406 1058 632 1115 conveniunt.

413 1215 444 1311 J.
472 1211 521 1298 N.
551 1205 593 1291 id
619 1208 663 1282 G.
687 1210 708 1286 l,
736 1230 820 1283 v11.
847 1233 874 1284 r.
899 1233 923 1301 9
959 1207 988 1307 i.
1017 1233 1055 1302 14.
1178 1315 1234 1391 Ad

242 1513 358 1570 eoncordia
386 1505 604 1570 impeditioris&
623 1503 723 1566 christia·
755 1517 829 1562 qnam
854 1503 953 1552 turbari.
998 1506 1121 1556 adsensus
1150 1510 1234 1558 noller

242 1580 309 1634 „mni
323 1590 349 1636 p.
371 1574 391 1621 1.
410 1572 457 1631 dlffi
476 1573 512 1619 16.
552 1571 615 1631 Quid
632 1570 723 1626 prioci-
755 1569 848 1627 pendet
864 1571 894 1615 ab
911 1569 1044 1617 evidentia
1061 1571 1235 1631 persuallone,

243 1653 302 1698 pero
321 1639 416 1685 deceat
432 1635 496 1680 circa
514 1633 604 1680 civium
626 1633 724 1689 religio·
755 1644 829 1690 quum
844 1635 884 1676 vel
903 1645 962 1678 uere
977 1637 1018 1678 vel
1039 1648 1186 1692 apparenter
1209 1637 1235 1683 in

245 1714 321 1756 nem,
339 1701 433 1757 egregie
446 1697 530 1744 docuit
550 1699 613 1743 Geta.
630 1695 725 1743 Noonr
754 1693 816 1740 ideis
834 1696 921 1741 nollrlr
937 1697 1112 1753 conjungendis
1130 1703 1170 1745 vel
1188 1700 1237 1748 dla-

243 1764 331 1831 ὀψο
349 1763 647 1824 nllgrmatlnparnjur,
662 1771 723 1819 gent.
755 1758 883 1815 iungendis
905 1761 1116 1813 deprehendimus.
1164 1766 1235 1816 sepe
1261 1800 1264 1805 .

242 1832 316 1876 libera
336 1838 380 1885 opp.
405 1826 499 1883 adjecta.
523 1825 642 1870 Vrdbr'bl.
661 1821 725 1880 rbrls.
756 1823 781 1867 in
799 1821 878 1866 nostra
892 1823 1011 1876 portitore
1027 1835 1075 1869 non
1099 1825 1147 1871 eli:
1175 1827 1237 1872 veli·

242 1894 269 1940 do
287 1893 335 1937 lllr.
353 1890 448 1935 Qeuc.
463 1900 482 1936 r.
500 1888 541 1934 XI.
554 1899 579 1947 p.
598 1897 653 1940 231.
663 1885 724 1948 frqq.
757 1897 828 1940 mus,
848 1885 972 1939 nolimus,
996 1886 1177 1936 adsentiendum
1201 1889 1236 1936 est

243 1955 361 2002 Tutore.
756 1947 1037 1996 veritatibusevidenter
1050 1951 1166 2011 cognitis,
1184 1953 1205 1998 u
1221 1967 1236 2000 a

277 2017 329 2076 (a)
346 2016 382 2062 Ac
397 2016 422 2061 r'n
435 2013 513 2071 sciolis
524 2007 645 2070 prrldr'cr‘r]¹
679 2010 724 2056 im·
757 2011 828 2058 nobis
842 2010 973 2070 impertire
989 2026 1037 2061 non
1054 2014 1193 2074 poliemus,
1208 2027 1235 2063 nt

242 2078 380 2140 petentium
398 2077 476 2133 magni
499 2076 617 2131 interest,
640 2085 723 2121 curam
758 2074 1104 2135 cassellaseli'erepntemus.
1134 2080 1239 2125 intelle·

244 2145 381 2199 l'clrnlarurtt¹
402 2138 593 2190 &educationis
618 2136 723 2193 suscipe·
756 2137 808 2184 etus
827 2151 855 2183 ea
879 2150 979 2195 qunque
1006 2141 1030 2186 in
1055 2153 1082 2187 re
1108 2142 1234 2198 multoties

244 2219 273 2253 re
286 2239 294 2262 ‚
311 2217 359 2260 qua
374 2201 497 2250 mediante
511 2214 561 2248 non
572 2212 663 2247 tantum
675 2199 724 2245 ani·
755 2200 867 2258 potentin
881 2201 1009 2249 necessaria
1020 2203 1073 2263 est,
1098 2203 1117 2248 n
1135 2219 1167 2251 ne
1181 2205 1237 2260 oui-

243 2269 278 2316 mi
301 2270 328 2315 ad
352 2267 427 2313 vitant
448 2265 546 2311 civilem
567 2261 635 2309 recte
658 2262 724 2308 insti·
755 2268 811 2307 dem
829 2277 842 2308 a
860 2265 959 2320 nolito,
975 2269 1052 2311 molto
1067 2267 1146 2314 minus
1164 2269 1193 2313 ab
1211 2283 1237 2315 a·

243 2333 360 2380 tuendam
385 2338 571 2387 preparantur,
595 2325 724 2372 sedetiam
758 2326 848 2372 linrum
865 2327 966 2374 arbitrio
980 2329 1112 2383 dependet.
1145 2330 1238 2376 Princi-

243 2393 366 2458 princlpia
391 2392 459 2437 statui
477 2387 646 2444 &imperanti
668 2400 726 2432 con·
758 2388 784 2444 pi
810 2400 867 2445 ergo
897 2392 990 2436 nullum
1014 2391 1052 2444 ius
1085 2393 1118 2436 est
1153 2405 1237 2450 neque

242 2454 372 2515 venientia
388 2451 493 2510 imprimi
508 2451 611 2510 poliunt.
644 2450 727 2497 Ponti·
760 2454 784 2496 ln
802 2452 928 2498 veritatem
945 2453 1022 2508 ipsam
1037 2486 1045 2510 ,
1064 2466 1146 2508 nenne
1161 2455 1185 2499 in
1202 2453 1239 2501 in·

242 2521 322 2571 ficum
349 2518 518 2564 Romanorum
541 2513 565 2560 id
593 2515 728 2571 loquuntur
759 2514 905 2568 tellectum,
931 2527 1013 2571 neque
1039 2519 1064 2561 in
1083 2516 1136 2569 ejns
1153 2517 1240 2564 adlen-

242 2583 352 2634 innitur·
374 2578 439 2627 circa
468 2578 562 2626 scholas
587 2577 608 2622 dt
642 2576 728 2622 acade-
759 2575 966 2623 suminternnm:
987 2577 1131 2633 enginelcit
1151 2581 1173 2626 lit
1193 2593 1241 2638 po·

244 2647 326 2701 anias,
350 2654 474 2700 rtuenon
499 2642 558 2686 leve
574 2649 727 2686 momentum
759 2637 841 2688 tentiae
862 2636 969 2693 cujusvis
996 2641 1046 2686 vim
1071 2642 1240 2697 adspernatur.

244 2712 276 2759 nd
300 2706 468 2759 stabiliendam
492 2700 617 2761 pontificis
643 2699 727 2749 aneto-
759 2702 827 2749 Falla
842 2702 945 2759 proinde
962 2703 995 2749 est
1017 2705 1150 2764 sententia,
1165 2709 1241 2765 magl-

243 2775 342 2822 ritatem
367 2771 389 2817 dc
411 2768 587 2816 introducenda
603 2764 656 2821 ejus
674 2764 727 2819 jura
759 2766 856 2813 stratum
870 2766 969 2814 civilem
985 2766 1122 2816 intellectui
1135 2771 1241 2829 impera,

244 2839 267 2884 ὰ
283 2835 339 2894 juga
356 2836 522 2882 contulerunt.
555 2830 610 2876 Viti.
629 2831 726 2876 Putem·
759 2842 787 2875 re
804 2829 931 2886 poliezad
949 2833 1013 2887 quod
1027 2831 1153 2880 sententie
1168 2848 1239 2882 mon.

244 2912 323 2950 nour,
344 2895 418 2954 Grr'sil.
439 2896 569 2945 Menarchi·
592 2895 629 2941 dn
655 2893 729 2941 stalla
758 2893 832 2940 lirum
860 2894 885 2939 io
912 2893 1034 2941 academia
1058 2898 1162 2953 quadam
1186 2911 1240 2947 non

245 2980 277 3014 aa
297 2966 360 3008 Ram.
384 2956 407 3018 p.
431 2970 469 3018 34.
505 2959 666 3006 Curaautem
687 2955 728 3001 illa
759 2956 792 3003 ita
820 2956 912 3012 pridem
940 2957 964 3004 in
985 2960 1066 3005 iucem
1089 2959 1241 3018 protradlurtt

247 3037 302 3076 non
312 3027 339 3073 ad
350 3021 509 3080 decipiendas
524 3020 650 3068 hominum
661 3031 728 3064 men·
761 3019 886 3078 obstupuit
909 3022 1043 3080 Pramnos,
1070 3023 1240 3082 steteruntque

246 3102 304 3142 tes,
321 3089 342 3134 dt
360 3085 535 3142 exercendas,
552 3083 592 3129 sed
607 3084 636 3130 ad
654 3082 728 3129 vitam
761 3096 839 3130 comte
867 3083 890 3130 ar
912 3098 963 3132 vox
988 3085 1100 3133 lancibus
1126 3090 1189 3135 ltaefit
1213 3088 1241 3136 in

243 3153 347 3201 civilem
371 3145 563 3203 &tranquillam
578 3158 729 3203 promoven·
759 3147 1032 3209 origin.ecrlrfip.196.
1062 3149 1243 3200 H-rbetramen

246 3219 305 3264 dem
318 3213 421 3262 tendere
440 3211 532 3260 debet:
554 3210 621 3265 quod
637 3207 728 3266 princi·
760 3212 877 3268 princeps
892 3211 1037 3268 potestatem
1055 3214 1184 3260 cohibendi
1195 3228 1240 3262 ve·

242 3279 288 3340 pir
317 3276 410 3324 honesti
437 3273 616 3332 imperantibus
647 3271 727 3328 injnn·
760 3274 839 3321 ritrris
861 3273 930 3320 usum
956 3275 978 3320 ar
1004 3274 1130 3321 adsensum
1159 3282 1244 3323 exter-

243 3354 323 3402 gunr‚
339 3342 361 3387 δι
378 3342 409 3386 de
431 3351 482 3396 qno
503 3336 602 3384 uberius
617 3336 727 3393 explico·
759 3350 837 3384 num:
855 3337 927 3384 habet
940 3335 979 3392 jus
994 3339 1127 3385 coercendi
1142 3340 1244 3387 liberta·

241 3415 302 3454 runt
325 3405 485 3450 nlaurnnrtrs
511 3402 656 3460 Erinnerung
685 3416 728 3446 von
758 3413 809 3448 tem
826 3399 945 3447 sentiendi
969 3412 1019 3446 non
1039 3399 1181 3460 internam,
1198 3403 1241 3450 fed

244 3469 314 3518 hohen
334 3468 431 3511 Sedulus,
453 3466 659 3525 Wtrrcrtetntantu
684 3463 728 3508 Br-
760 3475 887 3510 externam
909 3464 930 3508 dt
951 3462 1113 3519 prohibendi,
1141 3477 1171 3510 ne
1193 3479 1241 3526 er,

243 3529 342 3581 dautran
370 3543 412 3574 van
430 3528 558 3588 Erzlrbrrag
584 3527 624 3573 der
643 3527 729 3590 Jugrnr
760 3525 850 3584 quibus
867 3525 997 3572 ediensum
1022 3527 1178 3586 prebemus,
1196 3542 1242 3586 pu·
1284 3533 1290 3541 '

247 3595 295 3642 ὅσ.
329 3593 404 3638 ioum.
761 3589 1244 3648 bliredoceamnr,explicemus,dil'·

279 3654 330 3718 (s)
348 3655 415 3702 Talia
436 3648 566 3713 deputa}
609 3649 671 3708 Quid
692 3647 728 3705 ju·
762 3652 917 3700 seminentur.
952 3652 1011 3699 Non
1039 3665 1127 3700 onmes
1152 3655 1242 3703 verita·

243 3719 279 3770 ris
297 3717 403 3776 principi
415 3717 440 3762 lit
456 3717 521 3760 circa
537 3713 727 3768 dogmrtt‚nnu
761 3729 798 3764 res
820 3715 897 3763 cuivis
917 3717 1011 3773 populo
1030 3714 1145 3764 salutares
1170 3719 1242 3780 sunt,

247 3782 329 3843 potest
346 3776 457 3827 distindte
479 3777 615 3835 explicari,
632 3775 673 3822 ¹¹5ss
692 3775 729 3821 vi·
760 3793 810 3827 nec
822 3779 900 3827 cuivis
915 3778 1058 3837 reipublice
1073 3795 1079 3824 r
1095 3781 1172 3828 turbae
1188 3782 1244 3830 inli-

248 3847 368 3900 deamur,
390 3840 468 3901 qualis
488 3839 510 3885 ei
536 3837 644 3896 potestas
663 3840 688 3884 lit
704 3838 729 3884 ill
759 3856 819 3902 gneo
849 3845 923 3890 torius
957 3842 1028 3889 statos
1058 3846 1246 3895 conversionem

247 3909 380 3956 veritatem
406 3905 566 3961 nollrumque
586 3899 730 3957 adsensum,
761 3906 902 3952 minitantes
918 3905 976 3952 oriri
996 3904 1091 3963 poliunt
1109 3918 1140 3953 ex
1157 3909 1243 3956 incru-

247 3984 322 4030 qnem
346 3971 369 4018 ei
390 3968 537 4027 prebemus.
580 3965 676 4011 Veritas
700 3964 730 4011 ad
762 3980 786 4016 ra
804 3967 909 4014 veritaris
926 3967 1027 4023 alicujus
1041 3966 1169 4016 doctrinae
1193 3985 1245 4020 nec

247 4047 375 4095 precepta
389 4031 444 4089 justi
462 4043 501 4077 res
517 4028 550 4076 est
571 4026 729 4086 indifferent,
763 4043 849 4077 omnes
869 4030 977 4077 scientiae
997 4030 1176 4088 reluspubllcls
1191 4037 1241 4083 line

247 4095 351 4152 eiusque
371 4099 411 4143 vel
431 4091 606 4154 propalatione
620 4093 661 4138 vei
674 4091 728 4149 sup·
763 4093 901 4141 discrimine
922 4092 1082 4143 conveniunt.
1122 4097 1183 4159 Quae
1201 4110 1242 4146 er·

246 4161 369 4221 prelimne
391 4157 491 4206 alterius
505 4155 552 4212 juri
575 4156 667 4202 detrahi
683 4168 728 4212 pn·
760 4159 933 4216 godemare,
953 4168 1008 4211 quer
1024 4156 1130 4207 scientia
1147 4161 1243 4212 admitti

247 4223 311 4272 test:
327 4223 393 4279 quod
413 4223 434 4268 lu
452 4223 548 4270 ratione
561 4220 622 4277 reip.
643 4217 727 4266 dicen·
761 4231 872 4280 queant,
899 4219 1016 4274 princeps
1037 4232 1069 4267 ex
1088 4222 1130 4271 usu
1151 4223 1176 4271 u·
1195 4239 1242 4274 ne-

248 4288 325 4340 dum,
354 4283 423 4340 cuius
445 4281 642 4334 statusveriratis
659 4280 728 4330 dilie·
762 4286 865 4332 cetinate
887 4282 1030 4340 reipublice
1053 4285 1170 4335 aestimare
1196 4301 1245 4346 po-

247 4346 384 4416 ptlnrtioae
408 4359 479 4408 eque
502 4346 597 4399 servrrl
621 4346 729 4412 potest,
762 4349 806 4401 rell
827 4346 1043 4463 &Bdgtgrmlnrre
1076 4350 1148 4404 Plura
1158 4349 1243 4461 diioui

876 4462 878 4466 ,
945 4420 959 4466 5
1190 4424 1232 4465 tar.
