3034 5509
243 646 316 746 578
409 640 490 718 Da
538 636 824 716 Orrrcto
869 633 1055 715 crata

212 860 215 865 ¹
248 826 293 900 de
317 817 492 895 domicilio
514 812 745 905 constituere3
786 836 854 890 nec
877 836 987 908 uxor,
1019 814 1085 888 isto
1111 812 1247 904 intrito,
1291 900 1293 905 ¹

179 948 182 953 ’
249 943 392 1021 peregre
416 916 509 992 abire
543 933 601 988 aut
636 913 797 989 secubare
827 912 954 1008 potest.
1013 913 1102 988 Tale
1129 934 1249 988 tamen

250 1019 434 1112 imperium
457 1013 545 1113 (e),
571 1012 731 1113 quodjus
748 1015 832 1087 vitae
846 1012 884 1088 dt
900 1013 1013 1103 necis,
1037 1035 1249 1109 gravemque

252 1117 531 1201 coercitionem,
561 1133 719 1186 necnon
746 1113 884 1208 plenam
912 1109 1118 1205 potestatem
1152 1110 1251 1183 circa

254 1217 383 1315 quaeris
420 1216 513 1286 bona
549 1210 910 1305 uxorisdisponendi,
948 1207 1251 1303 comprehendat,

227 1362 230 1371 ι
253 1316 295 1389 ad
317 1311 494 1388 ellentiam
517 1308 726 1383 matrimonii
747 1307 968 1384 neceilarium
994 1331 1065 1382 non
1083 1308 1250 1381 viderur:

182 1418 188 1428 ’
254 1414 309 1486 sed
334 1411 421 1483 istud
436 1433 479 1483 ex
498 1407 725 1502 peculiaribus
742 1406 850 1502 nablis
871 1408 959 1481 inter
974 1406 1163 1504 conjuges,
1190 1423 1252 1479 aut

254 1534 299 1586 ex
318 1513 450 1608 legibus
473 1507 631 1581 civilibus
650 1506 774 1581 alicubi
793 1504 1023 1579 constituitur.

386 1691 417 1785 J.
443 1689 493 1764 N.
520 1683 563 1770 ὃ
589 1688 632 1763 G.
657 1689 678 1757 l.
704 1708 765 1760 vr.
789 1711 817 1763 c.
848 1711 877 1762 r.
904 1684 934 1785 §.
964 1708 1102 1782 10-13.

1133 1861 1247 1933 Porro

256 2061 393 2123 pliciores;
409 2070 457 2108 nec
472 2059 522 2106 ulia
534 2057 650 2106 securitas
660 2056 739 2115 publi·
771 2058 854 2108 tudine
866 2058 923 2108 vitre
940 2058 1054 2107 solitariae
1071 2059 1117 2111 dac.
1133 2059 1256 2118 pendere.

258 2141 288 2174 ca
302 2125 435 2181 exstitura,
460 2121 626 2179 nutrientia,
643 2122 674 2168 de
691 2134 740 2180 qua
770 2124 956 2179 Vidilanmcr
978 2124 1105 2172 cornato
1129 2127 1255 2172 Acerram

258 2189 364 2247 quilibet
386 2188 459 2235 sacile
484 2184 613 2243 persuasus
630 2185 677 2232 elle
701 2186 739 2233 so1
770 2182 866 2236 διεῖλε
886 2187 1202 2246 nootlrraaedpraeollmia
1216 2186 1258 2247 sa·

255 2256 307 2311 let,
330 2262 379 2300 uec
401 2247 501 2296 alterius
516 2249 616 2295 arbitrio
638 2248 739 2296 decisio·
770 2253 839 2300 niort·
846 2251 912 2310 saras
925 2262 972 2311 opp.
989 2251 1053 2298 ΠΙ.
1059 2262 1084 2311 p.
1096 2262 1151 2308 ³77·
1167 2249 1208 2298 ubl
1219 2260 1258 2298 ta·

256 2327 315 2363 nem
334 2314 471 2372 relinquit,
492 2308 531 2366 ius
554 2309 692 2369 perunum
708 2312 739 2359 ad
771 2326 828 2360 men
844 2319 919 2362 muira
939 2314 1112 2370 praecellentiae
1126 2323 1257 2372 argumen-

257 2377 389 2438 imperipoa
411 2375 566 2423 inserendum
584 2377 606 2421 lit
634 2375 739 2434 posceu·
772 2388 899 2435 raparum
918 2375 988 2425 firma
1008 2377 1169 2426 adducuntur.
1208 2375 1257 2422 Fe·

257 2445 315 2491 dnm
332 2439 508 2499 suppeditaret.
542 2438 624 2498 Quare
636 2452 687 2486 non
704 2438 740 2484 vi·
772 2440 845 2489 licius
861 2441 989 2489 materiam
1003 2439 1123 2498 penetrat
1138 2442 1160 2489 dt
1180 2451 1259 2487 accu-

258 2508 331 2565 deo‚
364 2503 491 2562 quomodo
522 2502 742 2551 Hocnsrnrrnnut
774 2504 849 2554 ratius
868 2506 894 2553 da
910 2507 933 2553 la
952 2505 1043 2555 Banna
1063 2517 1095 2552 rr.
1113 2505 1140 2553 de
1159 2502 1262 2565 sigalis!

258 2566 389 2629 imperium
415 2565 527 2614 maritale
558 2578 591 2614 ex
622 2564 743 2616 consensu
774 2569 801 2618 do
815 2570 874 2618 droa
884 2568 966 2628 sexes:
994 2569 1166 2617 Batauorum
1182 2570 1261 2614 latrm

260 2631 449 2681 consociationis
458 2631 582 2678 deducere
596 2629 672 2678 velit:
683 2642 743 2678 con·
775 2635 883 2692 carbaso
896 2634 922 2681 de
937 2635 1067 2680 litteratura
1085 2631 1110 2680 si
1132 2633 1158 2678 rie
1174 2631 1270 2677 norala'

260 2695 345 2744 sensus
356 2697 421 2740 enirn
435 2694 459 2740 iu
472 2693 497 2740 se
511 2693 676 2741 consideretur
691 2706 742 2741 rnu-
774 2700 824 2744 im.
846 2698 887 2744 IV.
929 2697 1057 2742 Crannrrs
1072 2696 1167 2754 apologia
1190 2693 1216 2740 dr
1235 2694 1261 2739 la

262 2772 318 2809 tuus
337 2758 387 2816 eil,
408 2756 431 2802 dt
446 2756 501 2802 nioil
515 2755 687 2812 inaequalitatis
704 2756 740 2802 in·
770 2759 855 2817 screare
874 2759 910 2804 dar
927 2758 999 2803 damu
1016 2772 1031 2802 a
1048 2755 1105 2800 Lien
1122 2755 1192 2802 1662.
1220 2766 1262 2803 12.

260 2820 357 2875 cludit;
381 2831 456 2876 quum
480 2829 584 2873 uterque
610 2817 742 2874 conjugum
775 2819 860 2867 Alium
879 2819 978 2875 quidem
999 2818 1124 2865 secuntus
1142 2817 1196 2876 ales!
1214 2831 1262 2864 an·
1298 2852 1302 2862 .

143 2918 148 2928 .
249 2882 389 2943 ¹promittat
403 2882 434 2926 de
451 2890 559 2934 corpore
573 2877 617 2925 fibi
634 2879 742 2925 invicem
775 2885 821 2930 ui.
834 2884 864 2932 Ρ.
884 2876 942 2939 Li.
958 2894 982 2941 4.
1000 2878 1165 2928 charaiierem
1185 2881 1263 2928 addu-

259 2944 405 3006 praebendo.
446 2941 475 2987 Id
490 2950 583 2987 tantum
600 2941 690 2989 exinde
705 2941 742 2988 se·
776 2946 810 2993 cit
837 2944 935 3004 imperii
961 2943 1164 3002 matrimonialis,
1190 2943 1262 2991 adse·

260 3008 357 3066 uultur,
379 3002 425 3060 juri
445 3016 536 3050 natura
554 3015 605 3052 nou
624 3017 743 3062 repugna·
775 3021 851 3069 rens,
872 3008 991 3059 hodierna
1007 3006 1134 3063 virorum,
1153 3008 1176 3054 dt
1193 3007 1261 3057 valla

260 3085 307 3130 re,
325 3082 351 3119 ut
364 3072 426 3116 alter
443 3066 593 3137 coniugum,
608 3067 743 3127 &quidem
774 3072 877 3134 quidem
894 3083 924 3121 ac
937 3070 1056 3119 terribilia
1069 3072 1261 3132 capillamenta,

259 3133 353 3184 femin·
373 3143 465 3190 tiles
490 3142 520 3177 Ν
534 3143 585 3178 ¹1¹¹ss
622 3144 743 3190 percon·
775 3136 799 3185 dt
821 3136 967 3185 seminarum
986 3135 1122 3184 nossrarum
1145 3147 1196 3181 non
1215 3133 1262 3181 mi·

263 3199 361 3246 sensum
385 3193 576 3242 consociationis
603 3195 644 3243 nbi
663 3196 743 3254 impe·
775 3199 834 3262 tris,
861 3199 902 3249 sed
924 3199 1047 3255 turribus,
1068 3199 1201 3247 innumeris
1225 3197 1263 3244 ia-

262 3262 332 3310 rlum'
355 3258 485 3317 0011111111ῑέ
508 3257 638 3315 idiuli'ere
665 3260 743 3319 polilt.
776 3263 880 3312 sciorum
894 3262 996 3312 fimbriis
1015 3263 1079 3309 bene
1100 3260 1188 3308 conatis
1209 3272 1264 3306 rnu-

207 3330 210 3343 ¹
261 3325 360 3374 ideirco
384 3325 448 3370 maie
463 3321 577 3370 nonnus
597 3324 613 3370 l.
633 3321 653 3370 1.
668 3324 695 3371 da
708 3339 743 3371 ra·
776 3327 897 3387 ubisque,
912 3325 997 3373 onusla
1016 3324 1094 3382 capita
1112 3323 1265 3371 adscenden-

258 3390 321 3452 pall.
334 3403 354 3434 c.
372 3397 395 3443 s.
413 3387 555 3433 contendit:
579 3386 595 3432 11
612 3387 702 3444 aliquis
719 3388 745 3434 11
776 3402 827 3438 tem
843 3401 927 3438 earum
949 3389 1020 3447 supra
1032 3387 1100 3436 viroa
1115 3385 1263 3441 potestatem

263 3449 435 3502 contrahendis
456 3446 546 3506 nuptiis
565 3449 688 3498 mediante
707 3449 745 3506 ju·
778 3454 840 3501 citra
857 3453 959 3502 dubium
976 3463 1091 3508 arguere:
1110 3450 1261 3507 sedingenio

262 3527 376 3564 ramento
399 3514 497 3561 semine
518 3511 655 3571 imperandi
675 3525 746 3573 pote·
778 3517 852 3566 tunll'e
868 3506 1068 3571 tuoc'rernporia
1090 3513 1186 3562 viderur
1208 3514 1261 3562 Vut

263 3580 349 3625 siarem
376 3576 539 3636 promisissem
565 3575 664 3634 patrum
685 3578 747 3625 iilud
780 3578 1049 3628 summereve'rendur.
1082 3579 1197 3625 Tarona

263 3640 411 3687 servandum
425 3654 475 3688 oon
497 3638 557 3686 ene:
575 3641 609 3685 ull
624 3640 691 3687 enlm
702 3643 747 3688 ob·
814 3644 862 3702 (a)
881 3643 934 3691 Tale
949 3653 1022 3688 tanen
1037 3638 1180 3703 inparium}
1204 3639 1264 3687 Hoc

264 3704 327 3756 siat.
343 3712 393 3757 quo
411 3703 490 3750 minus
506 3700 568 3750 iidea
588 3701 707 3749 servanda
723 3705 749 3750 fit
781 3720 852 3756 mero
871 3708 930 3768 Jure
949 3704 1060 3753 Naturali
1084 3705 1174 3753 merito
1190 3715 1264 3760 nega-

263 3762 392 3823 inpacto,
408 3762 555 3811 cuinullum
570 3765 656 3812 vitium
675 3764 748 3814 inesse
781 3784 836 3830 tur,
854 3773 908 3819 tid.
928 3770 950 3820 d.
968 3771 985 3817 l.
999 3769 1041 3816 Vi.
1058 3784 1078 3817 c.
1096 3782 1118 3816 r.
1136 3763 1159 3825 i.
1181 3777 1205 3822 9.
1225 3779 1263 3813 ιο.

267 3826 465 3887 deprehenditur.
510 3827 566 3872 Nec
593 3829 623 3875 ad
647 3829 749 3876 sexuum
784 3835 980 3888 rr.ta.13.de
1004 3830 1266 3894 Juretamendrvioo

265 3891 454 3954 prerogativam
480 3888 683 3945 &praestantiam
710 3892 750 3941 bic
781 3899 885 3956 pofitiuo
908 3896 1042 3944 universali
1061 3894 1159 3953 aliquod
1185 3894 1266 3949 impe·

265 3966 407 4017 provocare
422 3952 614 4009 inllsslflmefiss
638 3967 693 4012 (11¹²
713 3956 748 4003 ni·
781 3961 844 4008 rium
856 3962 943 4008 marito
953 3959 1028 4006 tribul
1044 3956 1120 4016 solet,
1138 3955 1265 4005 arduino·

265 4022 297 4068 lrll
317 4018 459 4076 evinceret,
477 4027 549 4072 urtam
568 4014 644 4063 solam
661 4019 748 4076 aptlru·
780 4026 840 4074 mas.
865 4028 892 4089 J.
915 4024 942 4086 J.
965 4023 996 4070 1).
1011 4023 1029 4069 l.
1046 4021 1092 4067 III.
1108 4037 1127 4067 e.
1143 4031 1171 4075 3.·
1184 4020 1206 4080 §-
1225 4031 1267 4074 ss.

264 4084 347 4131 dinem
363 4081 480 4129 subeundi
501 4078 614 4136 imperil:
634 4081 691 4128 licor
707 4086 749 4131 vei
775 4088 838 4151 sqq.
866 4087 909 4135 sed
931 4085 996 4133 forte
1017 4087 1066 4130 iroc
1081 4085 1184 4131 nornine
1206 4084 1266 4131 nibli

265 4150 373 4193 inanime
390 4145 468 4190 adhuc
479 4142 579 4190 dubium
597 4145 635 4201 iit,
658 4159 687 4191 an
705 4150 748 4193 na'-
782 4153 848 4198 aliod
864 4149 987 4208 innuitur,
1005 4159 1077 4204 quam
1092 4144 1217 4201 ducello,
1232 4159 1266 4194 ex

264 4220 318 4258 tura
337 4206 458 4263 eiusmodi
473 4207 659 4264 praerogativam
677 4209 748 4257 liabi-
782 4213 918 4272 praestantia
943 4211 1018 4258 sexus
1038 4209 1167 4257 resultans.
1201 4210 1266 4257 iliud

265 4270 364 4320 liveriti
387 4271 455 4317 multi
479 4269 543 4316 enim
566 4267 614 4324 iam
635 4272 748 4319 ostende·
782 4288 877 4323 cerrum
896 4273 969 4322 nobis
992 4274 1105 4329 viderur,
1127 4274 1193 4328 quod
1219 4272 1266 4320 im·

264 4347 339 4392 runt,
369 4335 514 4380 feminarum
545 4332 748 4388 imperfectiones
780 4340 877 4397 perium
898 4337 959 4384 iilud
982 4350 1033 4383 non
1059 4337 1170 4383 involvar
1192 4348 1267 4394 pote·

264 4399 296 4446 ab
316 4397 470 4448 educationis
489 4396 619 4459 neglectu,
644 4399 748 4448 cousue-
780 4402 867 4452 statem
890 4414 938 4462 pro
958 4400 1039 4450 lubitu
1059 4412 1164 4450 uxorem
1191 4398 1268 4445 insor-

637 4466 639 4471 ‘
1182 4463 1267 4523 tandi,
