<?xml version="1.0" encoding="UTF-8"?>
<!DOCTYPE html PUBLIC "-//W3C//DTD XHTML 1.0 Transitional//EN"
    "http://www.w3.org/TR/xhtml1/DTD/xhtml1-transitional.dtd">
<html xmlns="http://www.w3.org/1999/xhtml" xml:lang="en" lang="en">
 <head>
  <title>
</title>
<meta http-equiv="Content-Type" content="text/html;charset=utf-8" />
  <meta name='ocr-system' content='tesseract 3.04.00' />
  <meta name='ocr-capabilities' content='ocr_page ocr_carea ocr_par ocr_line ocrx_word'/>
</head>
<body>
  <div class='ocr_page' id='page_1' title='image "./spufendorfiideo00pufegoog_0403.png"; bbox 0 0 3034 5509; ppageno 0'>
   <div class='ocr_carea' id='block_1_1' title="bbox 301 636 1160 749">
    <p class='ocr_par' dir='ltr' id='par_1_1' title="bbox 301 636 1160 749">
     <span class='ocr_line' id='line_1_1' title="bbox 301 636 1160 749; baseline -0.002 -32"><span class='ocrx_word' id='word_1_1' title='bbox 301 645 357 717; x_wconf 76' lang='lat' dir='ltr'>ru</span> <span class='ocrx_word' id='word_1_2' title='bbox 391 639 495 717; x_wconf 76' lang='lat' dir='ltr'>sin.</span> <span class='ocrx_word' id='word_1_3' title='bbox 528 636 816 718; x_wconf 80' lang='lat' dir='ltr'>Purnnnu‘nr.</span> <span class='ocrx_word' id='word_1_4' title='bbox 850 638 947 722; x_wconf 80' lang='lat' dir='ltr'>Lr&#39;r.</span> <span class='ocrx_word' id='word_1_5' title='bbox 971 645 1002 724; x_wconf 90' lang='lat'>1.</span> <span class='ocrx_word' id='word_1_6' title='bbox 1075 654 1160 749; x_wconf 62' lang='lat'>&#39;9323</span> 
     </span>
    </p>
   </div>
   <div class='ocr_carea' id='block_1_2' title="bbox 142 799 1144 1042">
    <p class='ocr_par' dir='ltr' id='par_1_2' title="bbox 142 799 1144 1042">
     <span class='ocr_line' id='line_1_2' title="bbox 144 799 1144 894; baseline 0.011 -22"><span class='ocrx_word' id='word_1_7' title='bbox 144 813 193 888; x_wconf 77' lang='lat' dir='ltr'>gis</span> <span class='ocrx_word' id='word_1_8' title='bbox 210 814 371 890; x_wconf 85' lang='lat' dir='ltr'>perspicuus</span> <span class='ocrx_word' id='word_1_9' title='bbox 386 816 427 876; x_wconf 86' lang='lat' dir='ltr'>est</span> <span class='ocrx_word' id='word_1_10' title='bbox 444 815 646 894; x_wconf 77' lang='lat' dir='ltr'>redemitus,</span> <span class='ocrx_word' id='word_1_11' title='bbox 666 835 727 876; x_wconf 86' lang='lat' dir='ltr'>earn</span> <span class='ocrx_word' id='word_1_12' title='bbox 747 799 894 893; x_wconf 72' lang='lat' dir='ltr'>adplicauit·</span> <span class='ocrx_word' id='word_1_13' title='bbox 907 821 942 879; x_wconf 87' lang='lat' dir='ltr'>ad</span> <span class='ocrx_word' id='word_1_14' title='bbox 957 823 1032 880; x_wconf 88' lang='lat' dir='ltr'>hunc</span> <span class='ocrx_word' id='word_1_15' title='bbox 1046 825 1144 884; x_wconf 80' lang='lat' dir='ltr'>velil-</span> 
     </span>
     <span class='ocr_line' id='line_1_3' title="bbox 142 894 1140 1042; baseline 0.015 -94"><span class='ocrx_word' id='word_1_16' title='bbox 142 894 386 1042; x_wconf 43' lang='lat' dir='ltr'>ggprzirceurfiiaiiirffi</span> <span class='ocrx_word' id='word_1_17' title='bbox 402 895 511 966; x_wconf 83' lang='lat' dir='ltr'>calum,</span> <span class='ocrx_word' id='word_1_18' title='bbox 531 894 561 953; x_wconf 91' lang='lat' dir='ltr'>in</span> <span class='ocrx_word' id='word_1_19' title='bbox 577 894 817 1009; x_wconf 86' lang='lat' dir='ltr'>quoaliquando</span> <span class='ocrx_word' id='word_1_20' title='bbox 841 897 948 975; x_wconf 85' lang='lat' dir='ltr'>aliquid</span> <span class='ocrx_word' id='word_1_21' title='bbox 967 899 1140 963; x_wconf 69' lang='lat' dir='ltr'>difficultatis</span> 
     </span>
    </p>
   </div>
   <div class='ocr_carea' id='block_1_3' title="bbox 543 1125 743 1199">
    <p class='ocr_par' dir='ltr' id='par_1_3' title="bbox 543 1125 743 1199">
     <span class='ocr_line' id='line_1_4' title="bbox 543 1125 743 1199; baseline -0.005 -15"><span class='ocrx_word' id='word_1_22' title='bbox 543 1125 743 1199; x_wconf 75' lang='lat' dir='ltr'>purrr.</span> 
     </span>
    </p>
   </div>
   <div class='ocr_carea' id='block_1_4' title="bbox 127 1272 1187 1964">
    <p class='ocr_par' dir='ltr' id='par_1_4' title="bbox 127 1272 1187 1964">
     <span class='ocr_line' id='line_1_5' title="bbox 172 1272 1153 1358; baseline 0.012 -26"><span class='ocrx_word' id='word_1_23' title='bbox 172 1272 237 1334; x_wconf 76' lang='lat' dir='ltr'>Siue</span> <span class='ocrx_word' id='word_1_24' title='bbox 250 1275 294 1335; x_wconf 87' lang='lat' dir='ltr'>illi</span> <span class='ocrx_word' id='word_1_25' title='bbox 309 1273 358 1351; x_wconf 76' lang='lat' dir='ltr'>ipſs</span> <span class='ocrx_word' id='word_1_26' title='bbox 369 1275 431 1353; x_wconf 82' lang='lat' dir='ltr'>,five</span> <span class='ocrx_word' id='word_1_27' title='bbox 447 1276 531 1353; x_wconf 81' lang='lat' dir='ltr'>aliis]</span> <span class='ocrx_word' id='word_1_28' title='bbox 548 1277 685 1336; x_wconf 81' lang='lat' dir='ltr'>Addenda</span> <span class='ocrx_word' id='word_1_29' title='bbox 707 1280 788 1336; x_wconf 76' lang='lat' dir='ltr'>tertia</span> <span class='ocrx_word' id='word_1_30' title='bbox 803 1279 933 1339; x_wconf 84' lang='lat' dir='ltr'>conlitio</span> <span class='ocrx_word' id='word_1_31' title='bbox 950 1278 1007 1349; x_wconf 89' lang='lat' dir='ltr'>est,</span> <span class='ocrx_word' id='word_1_32' title='bbox 1027 1291 1153 1358; x_wconf 59' lang='lat' dir='ltr'>nempex</span> 
     </span>
     <span class='ocr_line' id='line_1_6' title="bbox 139 1351 1133 1431; baseline 0.011 -23"><span class='ocrx_word' id='word_1_33' title='bbox 139 1362 173 1409; x_wconf 87' lang='lat' dir='ltr'>ut</span> <span class='ocrx_word' id='word_1_34' title='bbox 188 1353 236 1412; x_wconf 83' lang='lat' dir='ltr'>lex</span> <span class='ocrx_word' id='word_1_35' title='bbox 252 1351 284 1411; x_wconf 89' lang='lat' dir='ltr'>srt</span> <span class='ocrx_word' id='word_1_36' title='bbox 292 1351 365 1428; x_wconf 80' lang='lat' dir='ltr'>justa</span> <span class='ocrx_word' id='word_1_37' title='bbox 372 1371 382 1422; x_wconf 84' lang='lat'>3</span> <span class='ocrx_word' id='word_1_38' title='bbox 403 1355 496 1412; x_wconf 92' lang='lat' dir='ltr'>ordini</span> <span class='ocrx_word' id='word_1_39' title='bbox 519 1355 624 1412; x_wconf 85' lang='lat' dir='ltr'>icilicet</span> <span class='ocrx_word' id='word_1_40' title='bbox 638 1371 670 1411; x_wconf 88' lang='lat' dir='ltr'>ac</span> <span class='ocrx_word' id='word_1_41' title='bbox 689 1371 795 1414; x_wconf 72' lang='lat' dir='ltr'>natura</span> <span class='ocrx_word' id='word_1_42' title='bbox 811 1372 904 1414; x_wconf 87' lang='lat' dir='ltr'>rerum</span> <span class='ocrx_word' id='word_1_43' title='bbox 919 1374 1052 1431; x_wconf 84' lang='lat' dir='ltr'>congrua.</span> <span class='ocrx_word' id='word_1_44' title='bbox 1075 1360 1133 1419; x_wconf 81' lang='lat' dir='ltr'>Etli</span> 
     </span>
     <span class='ocr_line' id='line_1_7' title="bbox 136 1426 1131 1568; baseline 0.012 -85"><span class='ocrx_word' id='word_1_45' title='bbox 136 1426 215 1504; x_wconf 84' lang='lat' dir='ltr'>enitn</span> <span class='ocrx_word' id='word_1_46' title='bbox 231 1442 313 1488; x_wconf 89' lang='lat' dir='ltr'>certo</span> <span class='ocrx_word' id='word_1_47' title='bbox 334 1431 412 1488; x_wconf 85' lang='lat' dir='ltr'>sensu</span> <span class='ocrx_word' id='word_1_48' title='bbox 428 1447 513 1486; x_wconf 89' lang='lat' dir='ltr'>ornne</span> <span class='ocrx_word' id='word_1_49' title='bbox 522 1426 620 1506; x_wconf 75' lang='lat' dir='ltr'>iustum</span> <span class='ocrx_word' id='word_1_50' title='bbox 635 1428 664 1486; x_wconf 89' lang='lat' dir='ltr'>lit</span> <span class='ocrx_word' id='word_1_51' title='bbox 679 1433 761 1488; x_wconf 81' lang='lat' dir='ltr'>utile:</span> <span class='ocrx_word' id='word_1_52' title='bbox 789 1435 902 1509; x_wconf 79' lang='lat' dir='ltr'><strong>concipi</strong></span> <span class='ocrx_word' id='word_1_53' title='bbox 919 1448 1012 1492; x_wconf 84' lang='lat' dir='ltr'>tamen</span> <span class='ocrx_word' id='word_1_54' title='bbox 1025 1433 1131 1568; x_wconf 55' lang='lat' dir='ltr'>gistum</span> 
     </span>
     <span class='ocr_line' id='line_1_8' title="bbox 132 1504 1124 1583; baseline 0.01 -21"><span class='ocrx_word' id='word_1_55' title='bbox 132 1504 246 1576; x_wconf 84' lang='lat' dir='ltr'>potest,</span> <span class='ocrx_word' id='word_1_56' title='bbox 269 1505 456 1566; x_wconf 84' lang='lat' dir='ltr'>abstrahendo</span> <span class='ocrx_word' id='word_1_57' title='bbox 477 1507 513 1562; x_wconf 87' lang='lat' dir='ltr'>ab</span> <span class='ocrx_word' id='word_1_58' title='bbox 534 1509 613 1565; x_wconf 89' lang='lat' dir='ltr'>omni</span> <span class='ocrx_word' id='word_1_59' title='bbox 633 1509 764 1567; x_wconf 79' lang='lat' dir='ltr'>utilitate.</span> <span class='ocrx_word' id='word_1_60' title='bbox 803 1508 864 1581; x_wconf 87' lang='lat' dir='ltr'>ipse</span> <span class='ocrx_word' id='word_1_61' title='bbox 887 1510 1002 1583; x_wconf 85' lang='lat' dir='ltr'>quidem</span> <span class='ocrx_word' id='word_1_62' title='bbox 1055 1530 1124 1581; x_wconf 73' lang='lat' dir='ltr'>eus,</span> 
     </span>
     <span class='ocr_line' id='line_1_9' title="bbox 134 1581 1128 1658; baseline 0.012 -23"><span class='ocrx_word' id='word_1_63' title='bbox 134 1581 243 1638; x_wconf 79' lang='lat' dir='ltr'>nullius</span> <span class='ocrx_word' id='word_1_64' title='bbox 257 1585 377 1640; x_wconf 86' lang='lat' dir='ltr'>omnino</span> <span class='ocrx_word' id='word_1_65' title='bbox 396 1583 437 1641; x_wconf 91' lang='lat' dir='ltr'>rei</span> <span class='ocrx_word' id='word_1_66' title='bbox 452 1581 579 1657; x_wconf 79' lang='lat' dir='ltr'>indigus,</span> <span class='ocrx_word' id='word_1_67' title='bbox 600 1587 759 1653; x_wconf 84' lang='lat' dir='ltr'>obnoxius,</span> <span class='ocrx_word' id='word_1_68' title='bbox 781 1584 800 1641; x_wconf 86' lang='lat' dir='ltr'>sr</span> <span class='ocrx_word' id='word_1_69' title='bbox 820 1587 858 1642; x_wconf 88' lang='lat' dir='ltr'>ira</span> <span class='ocrx_word' id='word_1_70' title='bbox 880 1586 959 1658; x_wconf 87' lang='lat' dir='ltr'>loqui</span> <span class='ocrx_word' id='word_1_71' title='bbox 982 1587 1066 1656; x_wconf 84' lang='lat' dir='ltr'>iicet,</span> <span class='ocrx_word' id='word_1_72' title='bbox 1087 1588 1128 1647; x_wconf 89' lang='lat' dir='ltr'>est</span> 
     </span>
     <span class='ocr_line' id='line_1_10' title="bbox 130 1654 1187 1742; baseline 0.008 -30"><span class='ocrx_word' id='word_1_73' title='bbox 130 1654 266 1742; x_wconf 73' lang='lat' dir='ltr'>gloriose</span> <span class='ocrx_word' id='word_1_74' title='bbox 282 1658 435 1717; x_wconf 85' lang='lat' dir='ltr'>ncceffitati</span> <span class='ocrx_word' id='word_1_75' title='bbox 454 1657 522 1716; x_wconf 84' lang='lat' dir='ltr'>nihil</span> <span class='ocrx_word' id='word_1_76' title='bbox 537 1659 732 1734; x_wconf 75' lang='lat' dir='ltr'>praescribendi</span> <span class='ocrx_word' id='word_1_77' title='bbox 750 1673 849 1719; x_wconf 91' lang='lat' dir='ltr'>contra</span> <span class='ocrx_word' id='word_1_78' title='bbox 875 1663 1065 1722; x_wconf 79' lang='lat' dir='ltr'>immutabiles</span> <span class='ocrx_word' id='word_1_79' title='bbox 1080 1680 1129 1723; x_wconf 88' lang='lat' dir='ltr'>or·</span> <span class='ocrx_word' id='word_1_80' title='bbox 1185 1681 1187 1684; x_wconf 90' lang='lat'>·</span> 
     </span>
     <span class='ocr_line' id='line_1_11' title="bbox 129 1731 1127 1809; baseline 0.012 -23"><span class='ocrx_word' id='word_1_81' title='bbox 129 1731 207 1789; x_wconf 88' lang='lat' dir='ltr'>druis</span> <span class='ocrx_word' id='word_1_82' title='bbox 220 1733 331 1808; x_wconf 83' lang='lat' dir='ltr'>regulas</span> <span class='ocrx_word' id='word_1_83' title='bbox 340 1751 351 1803; x_wconf 91' lang='lat'>,·</span> <span class='ocrx_word' id='word_1_84' title='bbox 372 1752 435 1809; x_wconf 74' lang='lat' dir='ltr'>que</span> <span class='ocrx_word' id='word_1_85' title='bbox 449 1734 520 1793; x_wconf 90' lang='lat' dir='ltr'>nihil</span> <span class='ocrx_word' id='word_1_86' title='bbox 535 1735 612 1793; x_wconf 88' lang='lat' dir='ltr'>aliud</span> <span class='ocrx_word' id='word_1_87' title='bbox 627 1736 710 1807; x_wconf 87' lang='lat' dir='ltr'>lunt,</span> <span class='ocrx_word' id='word_1_88' title='bbox 729 1736 780 1794; x_wconf 84' lang='lat' dir='ltr'>nisi</span> <span class='ocrx_word' id='word_1_89' title='bbox 795 1741 937 1796; x_wconf 79' lang='lat' dir='ltr'>emanatio</span> <span class='ocrx_word' id='word_1_90' title='bbox 955 1737 1127 1803; x_wconf 81' lang='lat' dir='ltr'>infinitarum</span> 
     </span>
     <span class='ocr_line' id='line_1_12' title="bbox 129 1804 1127 1890; baseline 0.015 -28"><span class='ocrx_word' id='word_1_91' title='bbox 129 1804 243 1866; x_wconf 87' lang='lat' dir='ltr'>suarum</span> <span class='ocrx_word' id='word_1_92' title='bbox 258 1808 463 1884; x_wconf 69' lang='lat' dir='ltr'>perfectionum</span> <span class='ocrx_word' id='word_1_93' title='bbox 473 1851 483 1878; x_wconf 90' lang='lat'>‚</span> <span class='ocrx_word' id='word_1_94' title='bbox 494 1829 527 1879; x_wconf 88' lang='lat' dir='ltr'>ac</span> <span class='ocrx_word' id='word_1_95' title='bbox 540 1812 653 1886; x_wconf 79' lang='lat' dir='ltr'>sequela</span> <span class='ocrx_word' id='word_1_96' title='bbox 668 1825 773 1870; x_wconf 81' lang='lat' dir='ltr'>naturae</span> <span class='ocrx_word' id='word_1_97' title='bbox 787 1814 990 1884; x_wconf 64' lang='lat' dir='ltr'>rerum‚&#39;cujus</span> <span class='ocrx_word' id='word_1_98' title='bbox 1004 1815 1062 1890; x_wconf 87' lang='lat' dir='ltr'>ipse</span> <span class='ocrx_word' id='word_1_99' title='bbox 1076 1830 1127 1877; x_wconf 81' lang='lat' dir='ltr'>au&#39;·</span> 
     </span>
     <span class='ocr_line' id='line_1_13' title="bbox 127 1881 993 1964; baseline 0.009 -23"><span class='ocrx_word' id='word_1_100' title='bbox 127 1881 193 1943; x_wconf 62' lang='lat' dir='ltr'>tior</span> <span class='ocrx_word' id='word_1_101' title='bbox 208 1883 266 1956; x_wconf 87' lang='lat' dir='ltr'>est,</span> <span class='ocrx_word' id='word_1_102' title='bbox 287 1887 326 1946; x_wconf 80' lang='lat' dir='ltr'>ita</span> <span class='ocrx_word' id='word_1_103' title='bbox 346 1900 376 1946; x_wconf 90' lang='lat' dir='ltr'>ut</span> <span class='ocrx_word' id='word_1_104' title='bbox 393 1886 469 1947; x_wconf 87' lang='lat' dir='ltr'>secus</span> <span class='ocrx_word' id='word_1_105' title='bbox 481 1894 592 1963; x_wconf 79' lang='lat' dir='ltr'>agendo</span> <span class='ocrx_word' id='word_1_106' title='bbox 606 1887 655 1947; x_wconf 85' lang='lat' dir='ltr'>fibi</span> <span class='ocrx_word' id='word_1_107' title='bbox 669 1888 719 1964; x_wconf 89' lang='lat' dir='ltr'>ipfi</span> <span class='ocrx_word' id='word_1_108' title='bbox 733 1889 868 1948; x_wconf 84' lang='lat' dir='ltr'>aduersus</span> <span class='ocrx_word' id='word_1_109' title='bbox 884 1888 970 1949; x_wconf 83' lang='lat' dir='ltr'>soret.</span> <span class='ocrx_word' id='word_1_110' title='bbox 989 1905 993 1914; x_wconf 89' lang='lat'><em>·</em></span> 
     </span>
    </p>
   </div>
   <div class='ocr_carea' id='block_1_5' title="bbox 564 2041 700 2118">
    <p class='ocr_par' dir='ltr' id='par_1_5' title="bbox 564 2041 700 2118">
     <span class='ocr_line' id='line_1_14' title="bbox 564 2041 700 2118; baseline 0.007 -19"><span class='ocrx_word' id='word_1_111' title='bbox 564 2041 590 2118; x_wconf 72' lang='lat' dir='ltr'>n.</span> <span class='ocrx_word' id='word_1_112' title='bbox 630 2041 700 2100; x_wconf 87' lang='lat' dir='ltr'>rx.</span> 
     </span>
    </p>
   </div>
   <div class='ocr_carea' id='block_1_6' title="bbox 122 2193 1120 2423">
    <p class='ocr_par' dir='ltr' id='par_1_6' title="bbox 122 2193 1120 2423">
     <span class='ocr_line' id='line_1_15' title="bbox 161 2193 1120 2273; baseline 0.006 -21"><span class='ocrx_word' id='word_1_113' title='bbox 161 2193 298 2253; x_wconf 78' lang='lat' dir='ltr'><em>Interdum</em></span> <span class='ocrx_word' id='word_1_114' title='bbox 317 2205 402 2253; x_wconf 80' lang='lat' dir='ltr'>tumen</span> <span class='ocrx_word' id='word_1_115' title='bbox 428 2197 573 2273; x_wconf 81' lang='lat' dir='ltr'>contingit,</span> <span class='ocrx_word' id='word_1_116' title='bbox 594 2204 626 2251; x_wconf 80' lang='lat' dir='ltr'>ut</span> <span class='ocrx_word' id='word_1_117' title='bbox 647 2194 938 2270; x_wconf 73' lang='lat' dir='ltr'>aboillgrtionefflaec</span> <span class='ocrx_word' id='word_1_118' title='bbox 951 2195 1120 2270; x_wconf 76' lang='lat' dir='ltr'>dispensatio</span> 
     </span>
     <span class='ocr_line' id='line_1_16' title="bbox 124 2268 1117 2347; baseline 0.004 -19"><span class='ocrx_word' id='word_1_119' title='bbox 124 2281 237 2329; x_wconf 88' lang='lat' dir='ltr'>tantum</span> <span class='ocrx_word' id='word_1_120' title='bbox 254 2272 349 2329; x_wconf 89' lang='lat' dir='ltr'>locum</span> <span class='ocrx_word' id='word_1_121' title='bbox 368 2273 515 2346; x_wconf 89' lang='lat' dir='ltr'>reperitin</span> <span class='ocrx_word' id='word_1_122' title='bbox 536 2273 637 2347; x_wconf 80' lang='lat' dir='ltr'>legibus</span> <span class='ocrx_word' id='word_1_123' title='bbox 655 2268 792 2346; x_wconf 71' lang='lat' dir='ltr'>pistrinis:</span> <span class='ocrx_word' id='word_1_124' title='bbox 814 2273 976 2343; x_wconf 77' lang='lat' dir='ltr'><strong>neutiquam</strong></span> <span class='ocrx_word' id='word_1_125' title='bbox 993 2289 1064 2331; x_wconf 89' lang='lat' dir='ltr'>vero</span> <span class='ocrx_word' id='word_1_126' title='bbox 1088 2277 1117 2332; x_wconf 89' lang='lat' dir='ltr'>in</span> 
     </span>
     <span class='ocr_line' id='line_1_17' title="bbox 122 2346 1117 2423; baseline -0.002 -18"><span class='ocrx_word' id='word_1_127' title='bbox 122 2349 228 2423; x_wconf 75' lang='lat' dir='ltr'>legibus</span> <span class='ocrx_word' id='word_1_128' title='bbox 242 2350 407 2406; x_wconf 77' lang='lat' dir='ltr'>naturalibus</span> <span class='ocrx_word' id='word_1_129' title='bbox 418 2392 425 2415; x_wconf 95' lang='lat'>‚</span> <span class='ocrx_word' id='word_1_130' title='bbox 435 2349 509 2405; x_wconf 90' lang='lat' dir='ltr'>circa</span> <span class='ocrx_word' id='word_1_131' title='bbox 525 2363 594 2421; x_wconf 84' lang='lat' dir='ltr'>quar</span> <span class='ocrx_word' id='word_1_132' title='bbox 604 2363 657 2403; x_wconf 89' lang='lat' dir='ltr'>nec</span> <span class='ocrx_word' id='word_1_133' title='bbox 673 2347 729 2421; x_wconf 90' lang='lat' dir='ltr'>ipse</span> <span class='ocrx_word' id='word_1_134' title='bbox 745 2347 825 2404; x_wconf 84' lang='lat' dir='ltr'>Deus</span> <span class='ocrx_word' id='word_1_135' title='bbox 836 2346 991 2418; x_wconf 81' lang='lat' dir='ltr'>dispensare</span> <span class='ocrx_word' id='word_1_136' title='bbox 1005 2349 1117 2422; x_wconf 78' lang='lat' dir='ltr'>potei13</span> 
     </span>
    </p>
   </div>
   <div class='ocr_carea' id='block_1_7' title="bbox 121 2421 1233 2500">
    <p class='ocr_par' dir='ltr' id='par_1_7' title="bbox 121 2421 1233 2500">
     <span class='ocr_line' id='line_1_18' title="bbox 121 2421 1233 2500; baseline 0.001 -20"><span class='ocrx_word' id='word_1_137' title='bbox 121 2426 234 2499; x_wconf 83' lang='lat' dir='ltr'>quippe</span> <span class='ocrx_word' id='word_1_138' title='bbox 249 2427 379 2497; x_wconf 78' lang='lat' dir='ltr'>exempla</span> <span class='ocrx_word' id='word_1_139' title='bbox 395 2424 517 2498; x_wconf 84' lang='lat' dir='ltr'>adlegari</span> <span class='ocrx_word' id='word_1_140' title='bbox 530 2423 614 2483; x_wconf 86' lang='lat' dir='ltr'>solita</span> <span class='ocrx_word' id='word_1_141' title='bbox 634 2421 868 2500; x_wconf 75' lang='lat' dir='ltr'><strong>dispensationem</strong></span> <span class='ocrx_word' id='word_1_142' title='bbox 882 2426 998 2496; x_wconf 79' lang='lat' dir='ltr'>proprie</span> <span class='ocrx_word' id='word_1_143' title='bbox 1018 2423 1055 2482; x_wconf 87' lang='lat' dir='ltr'>s1c</span> <span class='ocrx_word' id='word_1_144' title='bbox 1077 2423 1118 2482; x_wconf 90' lang='lat' dir='ltr'>di·</span> <span class='ocrx_word' id='word_1_145' title='bbox 1138 2494 1144 2500; x_wconf 6' lang='lat' dir='ltr'>p</span> <span class='ocrx_word' id='word_1_146' title='bbox 1227 2464 1233 2474; x_wconf 85' lang='lat'><strong><em>.</em></strong></span> 
     </span>
    </p>
   </div>
   <div class='ocr_carea' id='block_1_8' title="bbox 118 2500 725 2730">
    <p class='ocr_par' dir='ltr' id='par_1_8' title="bbox 118 2500 725 2730">
     <span class='ocr_line' id='line_1_19' title="bbox 118 2500 418 2576; baseline -0.007 -17"><span class='ocrx_word' id='word_1_147' title='bbox 118 2500 195 2560; x_wconf 71' lang='lat' dir='ltr'>iiam</span> <span class='ocrx_word' id='word_1_148' title='bbox 209 2517 268 2560; x_wconf 89' lang='lat' dir='ltr'>non</span> <span class='ocrx_word' id='word_1_149' title='bbox 288 2516 418 2576; x_wconf 81' lang='lat' dir='ltr'>arguunt.</span> 
     </span>
     <span class='ocr_line' id='line_1_20' title="bbox 572 2610 725 2730; baseline 0 0"><span class='ocrx_word' id='word_1_150' title='bbox 572 2654 599 2730; x_wconf 84' lang='lat' dir='ltr'>t·</span> <span class='ocrx_word' id='word_1_151' title='bbox 637 2650 673 2710; x_wconf 83' lang='lat' dir='ltr'>x.</span> <span class='ocrx_word' id='word_1_152' title='bbox 724 2610 725 2613; x_wconf 44' lang='lat'>‘</span> 
     </span>
    </p>
   </div>
   <div class='ocr_carea' id='block_1_9' title="bbox 115 2803 1109 3117">
    <p class='ocr_par' dir='ltr' id='par_1_9' title="bbox 115 2803 1109 3117">
     <span class='ocr_line' id='line_1_21' title="bbox 157 2803 1109 2888; baseline -0.003 -20"><span class='ocrx_word' id='word_1_153' title='bbox 157 2809 223 2877; x_wconf 66' lang='lat' dir='ltr'>Aru,</span> <span class='ocrx_word' id='word_1_154' title='bbox 236 2813 300 2870; x_wconf 81' lang='lat' dir='ltr'>tales</span> <span class='ocrx_word' id='word_1_155' title='bbox 320 2805 393 2888; x_wconf 78' lang='lat' dir='ltr'>casus</span> <span class='ocrx_word' id='word_1_156' title='bbox 404 2804 585 2888; x_wconf 74' lang='lat' dir='ltr'>prouidiffet]</span> <span class='ocrx_word' id='word_1_157' title='bbox 606 2805 735 2865; x_wconf 84' lang='lat' dir='ltr'>Tradere</span> <span class='ocrx_word' id='word_1_158' title='bbox 758 2804 864 2864; x_wconf 71' lang='lat' dir='ltr'>Auilot</span> <span class='ocrx_word' id='word_1_159' title='bbox 877 2803 985 2880; x_wconf 88' lang='lat' dir='ltr'>aliquid</span> <span class='ocrx_word' id='word_1_160' title='bbox 1006 2804 1042 2863; x_wconf 86' lang='lat' dir='ltr'>rie</span> <span class='ocrx_word' id='word_1_161' title='bbox 1062 2805 1109 2879; x_wconf 84' lang='lat' dir='ltr'>‹iu-</span> 
     </span>
     <span class='ocr_line' id='line_1_22' title="bbox 116 2880 1108 2965; baseline 0 -21"><span class='ocrx_word' id='word_1_162' title='bbox 116 2891 219 2945; x_wconf 76' lang='lat' dir='ltr'>ratiune</span> <span class='ocrx_word' id='word_1_163' title='bbox 239 2889 349 2965; x_wconf 81' lang='lat' dir='ltr'>legum,</span> <span class='ocrx_word' id='word_1_164' title='bbox 378 2904 533 2961; x_wconf 81' lang='lat' dir='ltr'>earumque</span> <span class='ocrx_word' id='word_1_165' title='bbox 554 2886 722 2959; x_wconf 76' lang='lat' dir='ltr'>abrogatione</span> <span class='ocrx_word' id='word_1_166' title='bbox 740 2880 888 2940; x_wconf 79' lang='lat' dir='ltr'>debuiffet.</span> <span class='ocrx_word' id='word_1_167' title='bbox 936 2882 1108 2958; x_wconf 82' lang='lat' dir='ltr'>Perpetuam</span> 
     </span>
     <span class='ocr_line' id='line_1_23' title="bbox 115 2956 1109 3040; baseline -0.002 -20"><span class='ocrx_word' id='word_1_168' title='bbox 115 2963 173 3021; x_wconf 81' lang='lat' dir='ltr'>elie</span> <span class='ocrx_word' id='word_1_169' title='bbox 190 2982 223 3022; x_wconf 89' lang='lat' dir='ltr'>ac</span> <span class='ocrx_word' id='word_1_170' title='bbox 241 2965 457 3022; x_wconf 79' lang='lat' dir='ltr'>irrevocabilem</span> <span class='ocrx_word' id='word_1_171' title='bbox 471 2967 553 3040; x_wconf 76' lang='lat' dir='ltr'>legen</span> <span class='ocrx_word' id='word_1_172' title='bbox 573 2974 672 3020; x_wconf 83' lang='lat' dir='ltr'>nature</span> <span class='ocrx_word' id='word_1_173' title='bbox 687 2962 742 3030; x_wconf 79' lang='lat' dir='ltr'>iarn</span> <span class='ocrx_word' id='word_1_174' title='bbox 768 2956 942 3018; x_wconf 85' lang='lat' dir='ltr'>manifestum</span> <span class='ocrx_word' id='word_1_175' title='bbox 964 2961 1014 3021; x_wconf 87' lang='lat' dir='ltr'>eil.</span> <span class='ocrx_word' id='word_1_176' title='bbox 1050 2962 1109 3020; x_wconf 86' lang='lat' dir='ltr'>Ve-</span> 
     </span>
     <span class='ocr_line' id='line_1_24' title="bbox 115 3034 1107 3117; baseline -0.003 -21"><span class='ocrx_word' id='word_1_177' title='bbox 115 3057 180 3098; x_wconf 91' lang='lat' dir='ltr'>rum</span> <span class='ocrx_word' id='word_1_178' title='bbox 196 3057 296 3099; x_wconf 88' lang='lat' dir='ltr'>omnes</span> <span class='ocrx_word' id='word_1_179' title='bbox 320 3043 393 3117; x_wconf 84' lang='lat' dir='ltr'>leges</span> <span class='ocrx_word' id='word_1_180' title='bbox 412 3039 549 3116; x_wconf 80' lang='lat' dir='ltr'>pofitioae,</span> <span class='ocrx_word' id='word_1_181' title='bbox 577 3052 633 3097; x_wconf 85' lang='lat' dir='ltr'>tam</span> <span class='ocrx_word' id='word_1_182' title='bbox 654 3041 798 3100; x_wconf 80' lang='lat' dir='ltr'>numanae,</span> <span class='ocrx_word' id='word_1_183' title='bbox 819 3051 902 3108; x_wconf 85' lang='lat' dir='ltr'>quam</span> <span class='ocrx_word' id='word_1_184' title='bbox 923 3034 1045 3107; x_wconf 74' lang='lat' dir='ltr'>divino,</span> <span class='ocrx_word' id='word_1_185' title='bbox 1066 3038 1107 3105; x_wconf 84' lang='lat' dir='ltr'>ita</span> 
     </span>
    </p>
   </div>
   <div class='ocr_carea' id='block_1_10' title="bbox 112 3112 1237 3192">
    <p class='ocr_par' dir='ltr' id='par_1_10' title="bbox 112 3112 1237 3192">
     <span class='ocr_line' id='line_1_25' title="bbox 112 3112 1237 3192; baseline -0.002 -20"><span class='ocrx_word' id='word_1_186' title='bbox 112 3113 177 3174; x_wconf 89' lang='lat' dir='ltr'>sunt</span> <span class='ocrx_word' id='word_1_187' title='bbox 197 3133 380 3185; x_wconf 75' lang='lat' dir='ltr'>comparato,</span> <span class='ocrx_word' id='word_1_188' title='bbox 405 3129 437 3173; x_wconf 89' lang='lat' dir='ltr'>ut</span> <span class='ocrx_word' id='word_1_189' title='bbox 451 3123 587 3192; x_wconf 78' lang='lat' dir='ltr'>abrogare</span> <span class='ocrx_word' id='word_1_190' title='bbox 603 3131 649 3172; x_wconf 87' lang='lat' dir='ltr'>eas</span> <span class='ocrx_word' id='word_1_191' title='bbox 673 3112 832 3186; x_wconf 82' lang='lat' dir='ltr'>Legislator</span> <span class='ocrx_word' id='word_1_192' title='bbox 848 3112 944 3183; x_wconf 73' lang='lat' dir='ltr'>polilt,</span> <span class='ocrx_word' id='word_1_193' title='bbox 969 3113 1029 3171; x_wconf 86' lang='lat' dir='ltr'>imo</span> <span class='ocrx_word' id='word_1_194' title='bbox 1055 3114 1107 3171; x_wconf 89' lang='lat' dir='ltr'>ali·</span> <span class='ocrx_word' id='word_1_195' title='bbox 1211 3133 1237 3160; x_wconf 63' lang='lat' dir='ltr'>w</span> 
     </span>
    </p>
   </div>
   <div class='ocr_carea' id='block_1_11' title="bbox 110 3186 1181 3727">
    <p class='ocr_par' dir='ltr' id='par_1_11' title="bbox 110 3186 1181 3727">
     <span class='ocr_line' id='line_1_26' title="bbox 115 3186 1106 3266; baseline 0.001 -17"><span class='ocrx_word' id='word_1_196' title='bbox 115 3191 237 3266; x_wconf 85' lang='lat' dir='ltr'>quando</span> <span class='ocrx_word' id='word_1_197' title='bbox 260 3192 373 3251; x_wconf 85' lang='lat' dir='ltr'>debeat.</span> <span class='ocrx_word' id='word_1_198' title='bbox 413 3193 481 3251; x_wconf 84' lang='lat' dir='ltr'>Hoc</span> <span class='ocrx_word' id='word_1_199' title='bbox 503 3207 597 3251; x_wconf 86' lang='lat' dir='ltr'>autern</span> <span class='ocrx_word' id='word_1_200' title='bbox 620 3191 667 3247; x_wconf 85' lang='lat' dir='ltr'>uel</span> <span class='ocrx_word' id='word_1_201' title='bbox 688 3186 805 3266; x_wconf 80' lang='lat' dir='ltr'>expreffe</span> <span class='ocrx_word' id='word_1_202' title='bbox 826 3186 921 3259; x_wconf 78' lang='lat' dir='ltr'>facit,</span> <span class='ocrx_word' id='word_1_203' title='bbox 947 3189 992 3247; x_wconf 88' lang='lat' dir='ltr'>vel</span> <span class='ocrx_word' id='word_1_204' title='bbox 1014 3194 1106 3250; x_wconf 83' lang='lat' dir='ltr'>tacite.</span> 
     </span>
     <span class='ocr_line' id='line_1_27' title="bbox 112 3266 1106 3344; baseline -0.003 -18"><span class='ocrx_word' id='word_1_205' title='bbox 112 3269 187 3326; x_wconf 83' lang='lat' dir='ltr'>Cum</span> <span class='ocrx_word' id='word_1_206' title='bbox 206 3268 283 3327; x_wconf 86' lang='lat' dir='ltr'>enirn</span> <span class='ocrx_word' id='word_1_207' title='bbox 305 3272 420 3342; x_wconf 80' lang='lat' dir='ltr'>longum</span> <span class='ocrx_word' id='word_1_208' title='bbox 435 3282 545 3344; x_wconf 87' lang='lat' dir='ltr'>tempus</span> <span class='ocrx_word' id='word_1_209' title='bbox 561 3285 619 3327; x_wconf 93' lang='lat' dir='ltr'>non</span> <span class='ocrx_word' id='word_1_210' title='bbox 635 3266 778 3326; x_wconf 83' lang='lat' dir='ltr'>observari</span> <span class='ocrx_word' id='word_1_211' title='bbox 796 3266 886 3337; x_wconf 84' lang='lat' dir='ltr'>legem</span> <span class='ocrx_word' id='word_1_212' title='bbox 901 3266 1022 3339; x_wconf 87' lang='lat' dir='ltr'>patitur,</span> <span class='ocrx_word' id='word_1_213' title='bbox 1042 3285 1106 3339; x_wconf 87' lang='lat' dir='ltr'>per·</span> 
     </span>
     <span class='ocr_line' id='line_1_28' title="bbox 111 3342 1156 3420; baseline -0.005 -18"><span class='ocrx_word' id='word_1_214' title='bbox 111 3345 261 3417; x_wconf 83' lang='lat' dir='ltr'>mittitque</span> <span class='ocrx_word' id='word_1_215' title='bbox 287 3347 403 3418; x_wconf 77' lang='lat' dir='ltr'>negotia</span> <span class='ocrx_word' id='word_1_216' title='bbox 423 3361 459 3400; x_wconf 92' lang='lat' dir='ltr'>eo</span> <span class='ocrx_word' id='word_1_217' title='bbox 477 3345 648 3420; x_wconf 85' lang='lat' dir='ltr'>pertinentia</span> <span class='ocrx_word' id='word_1_218' title='bbox 667 3345 724 3400; x_wconf 89' lang='lat' dir='ltr'>alio</span> <span class='ocrx_word' id='word_1_219' title='bbox 740 3343 824 3414; x_wconf 83' lang='lat' dir='ltr'>plane</span> <span class='ocrx_word' id='word_1_220' title='bbox 846 3342 934 3407; x_wconf 81' lang='lat' dir='ltr'>morlo</span> <span class='ocrx_word' id='word_1_221' title='bbox 958 3343 1035 3411; x_wconf 77' lang='lat' dir='ltr'>geri:</span> <span class='ocrx_word' id='word_1_222' title='bbox 1055 3351 1103 3399; x_wconf 90' lang='lat' dir='ltr'>aut</span> <span class='ocrx_word' id='word_1_223' title='bbox 1153 3364 1156 3369; x_wconf 93' lang='lat'><em>·</em></span> 
     </span>
     <span class='ocr_line' id='line_1_29' title="bbox 111 3413 1181 3484; baseline -0.009 -5"><span class='ocrx_word' id='word_1_224' title='bbox 111 3437 185 3479; x_wconf 84' lang='lat' dir='ltr'>vero</span> <span class='ocrx_word' id='word_1_225' title='bbox 201 3434 326 3477; x_wconf 84' lang='lat' dir='ltr'>mutatur</span> <span class='ocrx_word' id='word_1_226' title='bbox 340 3423 378 3477; x_wconf 85' lang='lat' dir='ltr'>ita</span> <span class='ocrx_word' id='word_1_227' title='bbox 405 3437 498 3478; x_wconf 87' lang='lat' dir='ltr'>rerum</span> <span class='ocrx_word' id='word_1_228' title='bbox 518 3419 619 3484; x_wconf 86' lang='lat' dir='ltr'>status.</span> <span class='ocrx_word' id='word_1_229' title='bbox 645 3431 676 3477; x_wconf 87' lang='lat' dir='ltr'>ut</span> <span class='ocrx_word' id='word_1_230' title='bbox 696 3417 803 3474; x_wconf 81' lang='lat' dir='ltr'>inutilis</span> <span class='ocrx_word' id='word_1_231' title='bbox 824 3413 880 3480; x_wconf 81' lang='lat' dir='ltr'>iarn</span> <span class='ocrx_word' id='word_1_232' title='bbox 904 3414 948 3470; x_wconf 85' lang='lat' dir='ltr'>lex</span> <span class='ocrx_word' id='word_1_233' title='bbox 970 3415 1031 3483; x_wconf 85' lang='lat' dir='ltr'>fiat,</span> <span class='ocrx_word' id='word_1_234' title='bbox 1053 3415 1102 3470; x_wconf 84' lang='lat' dir='ltr'>vel</span> <span class='ocrx_word' id='word_1_235' title='bbox 1180 3422 1181 3426; x_wconf 76' lang='grc'>’</span> 
     </span>
     <span class='ocr_line' id='line_1_30' title="bbox 112 3488 1102 3570; baseline -0.008 -16"><span class='ocrx_word' id='word_1_236' title='bbox 112 3496 212 3556; x_wconf 90' lang='lat' dir='ltr'>iocum</span> <span class='ocrx_word' id='word_1_237' title='bbox 228 3496 347 3568; x_wconf 88' lang='lat' dir='ltr'>amplius</span> <span class='ocrx_word' id='word_1_238' title='bbox 364 3495 495 3552; x_wconf 83' lang='lat' dir='ltr'>obtinere</span> <span class='ocrx_word' id='word_1_239' title='bbox 507 3506 648 3570; x_wconf 84' lang='lat' dir='ltr'>nequeat:</span> <span class='ocrx_word' id='word_1_240' title='bbox 669 3491 715 3550; x_wconf 90' lang='lat' dir='ltr'>illa</span> <span class='ocrx_word' id='word_1_241' title='bbox 726 3528 739 3559; x_wconf 30' lang='lat' dir='ltr'>,v</span> <span class='ocrx_word' id='word_1_242' title='bbox 754 3488 884 3563; x_wconf 82' lang='lat' dir='ltr'>quamvis</span> <span class='ocrx_word' id='word_1_243' title='bbox 897 3504 954 3546; x_wconf 90' lang='lat' dir='ltr'>non</span> <span class='ocrx_word' id='word_1_244' title='bbox 973 3490 1102 3553; x_wconf 84' lang='lat' dir='ltr'>expreiie</span> 
     </span>
     <span class='ocr_line' id='line_1_31' title="bbox 110 3562 1102 3644; baseline -0.002 -18"><span class='ocrx_word' id='word_1_245' title='bbox 110 3574 249 3637; x_wconf 70' lang='lat' dir='ltr'>abrogata</span> <span class='ocrx_word' id='word_1_246' title='bbox 268 3587 283 3626; x_wconf 88' lang='lat' dir='ltr'>a</span> <span class='ocrx_word' id='word_1_247' title='bbox 302 3570 499 3642; x_wconf 85' lang='lat' dir='ltr'>Legislatore‚</span> <span class='ocrx_word' id='word_1_248' title='bbox 520 3570 567 3628; x_wconf 88' lang='lat' dir='ltr'>sua</span> <span class='ocrx_word' id='word_1_249' title='bbox 582 3569 682 3644; x_wconf 89' lang='lat' dir='ltr'>sponte</span> <span class='ocrx_word' id='word_1_250' title='bbox 697 3566 826 3642; x_wconf 69' lang='lat' dir='ltr'>exspirat·</span> <span class='ocrx_word' id='word_1_251' title='bbox 864 3562 932 3622; x_wconf 86' lang='lat' dir='ltr'>Hoc</span> <span class='ocrx_word' id='word_1_252' title='bbox 952 3565 1039 3626; x_wconf 89' lang='lat' dir='ltr'>modo</span> <span class='ocrx_word' id='word_1_253' title='bbox 1061 3567 1102 3624; x_wconf 85' lang='lat' dir='ltr'>le·</span> 
     </span>
     <span class='ocr_line' id='line_1_32' title="bbox 110 3640 945 3727; baseline -0.007 -23"><span class='ocrx_word' id='word_1_254' title='bbox 110 3665 158 3726; x_wconf 68' lang='lat' dir='ltr'>ges</span> <span class='ocrx_word' id='word_1_255' title='bbox 174 3644 325 3727; x_wconf 82' lang='lat' dir='ltr'>Judeorun</span> <span class='ocrx_word' id='word_1_256' title='bbox 340 3646 465 3721; x_wconf 79' lang='lat' dir='ltr'>politicae</span> <span class='ocrx_word' id='word_1_257' title='bbox 477 3663 510 3707; x_wconf 88' lang='lat' dir='ltr'>ac</span> <span class='ocrx_word' id='word_1_258' title='bbox 525 3643 730 3717; x_wconf 80' lang='lat' dir='ltr'>ceremoniaiee</span> <span class='ocrx_word' id='word_1_259' title='bbox 745 3640 858 3704; x_wconf 78' lang='lat' dir='ltr'>auolire</span> <span class='ocrx_word' id='word_1_260' title='bbox 873 3640 945 3704; x_wconf 85' lang='lat' dir='ltr'>suut.</span> 
     </span>
    </p>
   </div>
   <div class='ocr_carea' id='block_1_12' title="bbox 539 3798 674 3876">
    <p class='ocr_par' dir='ltr' id='par_1_12' title="bbox 539 3798 674 3876">
     <span class='ocr_line' id='line_1_33' title="bbox 539 3798 674 3876; baseline 0.022 -18"><span class='ocrx_word' id='word_1_261' title='bbox 539 3802 566 3876; x_wconf 75' lang='lat' dir='ltr'>r.</span> <span class='ocrx_word' id='word_1_262' title='bbox 604 3798 674 3861; x_wconf 82' lang='lat' dir='ltr'>xi.</span> 
     </span>
    </p>
   </div>
   <div class='ocr_carea' id='block_1_13' title="bbox 103 3951 1207 4266">
    <p class='ocr_par' dir='ltr' id='par_1_13' title="bbox 104 3951 1099 4109">
     <span class='ocr_line' id='line_1_34' title="bbox 145 3951 1099 4028; baseline -0.002 -13"><span class='ocrx_word' id='word_1_263' title='bbox 145 3954 199 4015; x_wconf 82' lang='lat' dir='ltr'>nu</span> <span class='ocrx_word' id='word_1_264' title='bbox 212 3958 291 4016; x_wconf 81' lang='lat' dir='ltr'>etium</span> <span class='ocrx_word' id='word_1_265' title='bbox 304 3958 378 4016; x_wconf 80' lang='lat' dir='ltr'>licita</span> <span class='ocrx_word' id='word_1_266' title='bbox 393 3954 531 4028; x_wconf 83' lang='lat' dir='ltr'>dicantur,</span> <span class='ocrx_word' id='word_1_267' title='bbox 547 3957 576 4014; x_wconf 88' lang='lat' dir='ltr'>in</span> <span class='ocrx_word' id='word_1_268' title='bbox 605 3951 661 4028; x_wconf 77' lang='lat' dir='ltr'>ue]</span> <span class='ocrx_word' id='word_1_269' title='bbox 682 3951 758 4011; x_wconf 88' lang='lat' dir='ltr'>Vide</span> <span class='ocrx_word' id='word_1_270' title='bbox 772 3962 925 4027; x_wconf 88' lang='lat' dir='ltr'>utrumque</span> <span class='ocrx_word' id='word_1_271' title='bbox 939 3966 1033 4014; x_wconf 84' lang='lat' dir='ltr'>meum</span> <span class='ocrx_word' id='word_1_272' title='bbox 1043 3954 1099 4014; x_wconf 79' lang='lat' dir='ltr'>dit·</span> 
     </span>
     <span class='ocr_line' id='line_1_35' title="bbox 104 4024 904 4109; baseline -0.011 -12"><span class='ocrx_word' id='word_1_273' title='bbox 104 4035 220 4097; x_wconf 82' lang='lat' dir='ltr'>cursum</span> <span class='ocrx_word' id='word_1_274' title='bbox 233 4036 264 4092; x_wconf 81' lang='lat' dir='ltr'>de</span> <span class='ocrx_word' id='word_1_275' title='bbox 285 4029 440 4109; x_wconf 82' lang='lat' dir='ltr'>permiffiunr</span> <span class='ocrx_word' id='word_1_276' title='bbox 454 4037 564 4109; x_wconf 81' lang='lat' dir='ltr'>legum,</span> <span class='ocrx_word' id='word_1_277' title='bbox 634 4033 664 4090; x_wconf 84' lang='lat' dir='ltr'>de</span> <span class='ocrx_word' id='word_1_278' title='bbox 675 4024 795 4104; x_wconf 80' lang='lat' dir='ltr'>beneficio</span> <span class='ocrx_word' id='word_1_279' title='bbox 806 4030 904 4107; x_wconf 81' lang='lat' dir='ltr'>legum.</span> 
     </span>
    </p>

    <p class='ocr_par' dir='ltr' id='par_1_14' title="bbox 103 4105 1207 4266">
     <span class='ocr_line' id='line_1_36' title="bbox 147 4105 1100 4190; baseline 0 -23"><span class='ocrx_word' id='word_1_280' title='bbox 147 4110 215 4190; x_wconf 70' lang='lat' dir='ltr'>Quo</span> <span class='ocrx_word' id='word_1_281' title='bbox 227 4123 300 4184; x_wconf 84' lang='lat' dir='ltr'>porro</span> <span class='ocrx_word' id='word_1_282' title='bbox 312 4113 422 4169; x_wconf 64' lang='lat' dir='ltr'>allieno</span> <span class='ocrx_word' id='word_1_283' title='bbox 435 4129 492 4169; x_wconf 85' lang='lat' dir='ltr'>cum</span> <span class='ocrx_word' id='word_1_284' title='bbox 504 4108 582 4187; x_wconf 85' lang='lat' dir='ltr'>lege]</span> <span class='ocrx_word' id='word_1_285' title='bbox 602 4109 732 4173; x_wconf 83' lang='lat' dir='ltr'>Scilicet,</span> <span class='ocrx_word' id='word_1_286' title='bbox 744 4106 878 4180; x_wconf 76' lang='lat' dir='ltr'>positive:</span> <span class='ocrx_word' id='word_1_287' title='bbox 902 4105 1004 4164; x_wconf 88' lang='lat' dir='ltr'>dantur</span> <span class='ocrx_word' id='word_1_288' title='bbox 1022 4106 1100 4168; x_wconf 90' lang='lat' dir='ltr'>enim</span> 
     </span>
     <span class='ocr_line' id='line_1_37' title="bbox 103 4183 1207 4266; baseline -0.008 -16"><span class='ocrx_word' id='word_1_289' title='bbox 103 4189 430 4266; x_wconf 57' lang='lat' dir='ltr'>aliioneeindfferenrem</span> <span class='ocrx_word' id='word_1_290' title='bbox 462 4206 532 4263; x_wconf 87' lang='lat' dir='ltr'>quas</span> <span class='ocrx_word' id='word_1_291' title='bbox 551 4204 606 4244; x_wconf 91' lang='lat' dir='ltr'>nec</span> <span class='ocrx_word' id='word_1_292' title='bbox 628 4185 753 4260; x_wconf 77' lang='lat' dir='ltr'>precipit</span> <span class='ocrx_word' id='word_1_293' title='bbox 782 4184 844 4249; x_wconf 85' lang='lat' dir='ltr'>lex,</span> <span class='ocrx_word' id='word_1_294' title='bbox 873 4199 925 4240; x_wconf 87' lang='lat' dir='ltr'>nec</span> <span class='ocrx_word' id='word_1_295' title='bbox 943 4183 1100 4256; x_wconf 86' lang='lat' dir='ltr'>prohibet;</span> <span class='ocrx_word' id='word_1_296' title='bbox 1204 4216 1207 4222; x_wconf 94' lang='lat'>·</span> 
     </span>
    </p>
   </div>
   <div class='ocr_carea' id='block_1_14' title="bbox 102 4259 1104 4408">
    <p class='ocr_par' dir='ltr' id='par_1_15' title="bbox 102 4259 1104 4408">
     <span class='ocr_line' id='line_1_38' title="bbox 102 4259 1104 4408; baseline -0.012 -78"><span class='ocrx_word' id='word_1_297' title='bbox 102 4265 233 4330; x_wconf 77' lang='lat' dir='ltr'>seu-fieri</span> <span class='ocrx_word' id='word_1_298' title='bbox 253 4284 305 4342; x_wconf 87' lang='lat' dir='ltr'>pro</span> <span class='ocrx_word' id='word_1_299' title='bbox 321 4268 433 4337; x_wconf 81' lang='lat' dir='ltr'>lubitu,</span> <span class='ocrx_word' id='word_1_300' title='bbox 455 4267 502 4328; x_wconf 83' lang='lat' dir='ltr'>vel</span> <span class='ocrx_word' id='word_1_301' title='bbox 520 4279 579 4326; x_wconf 88' lang='lat' dir='ltr'>non</span> <span class='ocrx_word' id='word_1_302' title='bbox 595 4264 674 4398; x_wconf 45' lang='lat' dir='ltr'>ligi,</span> <span class='ocrx_word' id='word_1_303' title='bbox 695 4264 837 4408; x_wconf 68' lang='lat' dir='ltr'>in3tegrum</span> <span class='ocrx_word' id='word_1_304' title='bbox 860 4259 986 4335; x_wconf 85' lang='lat' dir='ltr'>reliquit.</span> <span class='ocrx_word' id='word_1_305' title='bbox 1026 4259 1104 4400; x_wconf 63' lang='grc' dir='ltr'>7ιῇ</span> 
     </span>
     <span class='ocr_line' id='line_1_39' title="bbox 165 4355 692 4397; baseline 0 0"><span class='ocrx_word' id='word_1_306' title='bbox 165 4388 168 4397; x_wconf 90' lang='grc'>.</span> <span class='ocrx_word' id='word_1_307' title='bbox 648 4355 692 4397; x_wconf 92' lang='lat' dir='ltr'>nn</span> 
     </span>
    </p>
   </div>
   <div class='ocr_carea' id='block_1_15' title="bbox 0 0 1522 5509">
    <p class='ocr_par' dir='ltr' id='par_1_16' title="bbox 0 0 1522 5509">
     <span class='ocr_line' id='line_1_40' title="bbox 0 0 1522 5509; baseline 0 4"><span class='ocrx_word' id='word_1_308' title='bbox 0 0 1522 5509; x_wconf 95' lang='lat' dir='ltr'> </span> 
     </span>
    </p>
   </div>
  </div>
 </body>
</html>
