3034 5509
387 590 483 664 roro
546 579 773 662 Errsr-ntl
798 579 1031 664 Cursor-rr
1053 582 1284 662 brorum

385 759 509 828 Austor
522 760 581 836 ait,
604 758 685 823 inerit
699 770 805 823 remoto
821 757 899 822 nibil
922 760 1051 841 amptius
1073 756 1207 842 obstare‚·
1223 759 1389 844 quominur

387 863 448 908 men
464 846 584 925 potito,
606 859 692 923 quom
707 842 830 905 atterius
847 841 972 904 arbitrio
986 860 1093 927 agam,
1104 842 1245 915 valebit,
1262 840 1389 907 etiamsi
1434 892 1437 901 .

390 928 530 991 rationes
554 923 661 987 adsint.
717 922 814 1011 Quod
838 922 859 986 si
882 940 962 987 vero
979 926 1116 990 rationes
1138 926 1199 1005 iam
1224 922 1305 988 solae
1329 924 1388 988 ob·

391 1006 501 1085 stant,
522 1024 579 1070 cur
601 1020 665 1070 non
689 1002 764 1069 soiae
783 1003 934 1070 obstitere
965 1005 1058 1070 etiam
1083 1020 1156 1070 ante
1178 1006 1337 1082 metum?
1360 1005 1392 1071 dt

393 1107 504 1172 quam,
528 1085 651 1168 quaesn,
674 1088 741 1152 vim
758 1087 931 1153 rationibus
945 1087 1028 1151 ultra
1052 1085 1083 1151 se
1098 1087 1195 1174 ipsum
1210 1103 1321 1154 metus
1337 1087 1390 1151 da·

392 1172 458 1249 bit,
484 1187 578 1243 (luam
602 1168 666 1234 stne
688 1168 864 1233 rationibus
882 1185 947 1234 non
970 1167 1094 1252 praestat
1117 1171 1205 1237 sibi?
1227 1171 1280 1234 sin
1306 1167 1393 1234 adse·

393 1254 463 1318 tius
480 1250 556 1326 iste,
579 1268 687 1333 parum
705 1249 874 1330 durabilis,
898 1251 1108 1316 cbaratterern
1123 1252 1291 1333 quemdam
1302 1253 1392 1318 inde·

397 1334 524 1403 lebilem
542 1333 653 1398 invitae
674 1331 835 1413 imprimet
851 1333 983 1398 menti?
1005 1330 1102 1415 Finge
1124 1335 1317 1411 bominem,
1339 1333 1393 1416 qui

396 1419 489 1483 alteri
515 1435 556 1480 ex
579 1415 653 1482 solis
676 1412 850 1479 rationibus
871 1415 1085 1480 obedientiam
1113 1417 1227 1493 debet,
1249 1418 1394 1498 ejusdem

396 1518 476 1568 mox
495 1497 613 1562 uiribus
627 1497 706 1581 adigi
717 1515 726 1572 ;
736 1496 769 1561 dt
784 1511 886 1580 tamen
902 1497 934 1562 in
951 1514 992 1561 eo
1007 1497 1113 1561 animo
1129 1497 1396 1582 perseverare,ut

396 1602 462 1654 non
481 1581 565 1648 ultra
586 1578 714 1646 obedire
731 1579 811 1642 velit
829 1622 840 1655 ,
860 1597 953 1662 quarn
975 1595 1130 1662 cogatur:
1153 1600 1218 1647 non
1243 1581 1397 1664 adparet,

398 1685 459 1731 our
473 1667 565 1737 ideo,
584 1662 655 1743 quia
670 1658 764 1727 semel
780 1660 990 1744 coaciusesi,
1013 1679 1169 1756 perpetuo
1193 1661 1394 1748 subjiciatur.

401 1746 503 1813 Velut
528 1743 549 1810 fi
577 1762 657 1827 aegcr
680 1740 877 1810 Christianus
898 1762 916 1807 a
942 1745 1067 1810 medico
1097 1745 1204 1812 Turta
1231 1747 1396 1840 capiaturt

398 1833 519 1895 adeone
539 1827 600 1907 jam
626 1826 792 1908 praeceptis
821 1824 1035 1896 salutaribus.
1063 1826 1117 1890 diu
1137 1844 1211 1894 ante
1233 1845 1399 1913 cognitis,

403 1909 459 1976 sed
478 1927 562 1975 nunc
586 1907 764 1971 necessitate
793 1910 944 1984 armatis,
972 1905 1204 1993 obstringetur,
1235 1929 1274 1976 ut
1297 1909 1399 1975 etiam

402 1994 478 2057 data
494 1987 676 2071 aufugiendi
700 1988 889 2061 occasione,
912 1992 1011 2074 magis
1034 1992 1146 2056 exinde
1164 1992 1201 2056 ad
1217 2008 1398 2074 temperan-

403 2076 484 2139 tiam
510 2071 695 2151 obligetur,
715 2085 807 2150 quam
828 2087 902 2134 ante
923 2071 1174 2155 captivitatem?
1195 2075 1398 2141 Alterutrum

404 2173 483 2239 ergo
500 2153 664 2218 dicendum
683 2150 744 2216 est:
766 2154 818 2218 vel
833 2154 970 2238 rationes
988 2171 1063 2222 ante
1077 2158 1143 2225 vim
1158 2157 1321 2242 obligare,
1345 2156 1398 2222 vel

302 2271 306 2279 ,
404 2256 468 2305 nce
486 2235 627 2321 obligare
640 2233 674 2298 vi
698 2234 844 2302 cessante.

450 2415 660 2487 Exprobratum
683 2414 798 2478 Annon
818 2415 915 2477 nostro
936 2413 1067 2482 vitiosum
1093 2417 1229 2482 circulum
1251 2417 1342 2482 dilabi
1364 2425 1400 2482 ab

338 2508 345 2518 “
412 2495 525 2557 illorum
541 2497 630 2553 oculis
650 2495 786 2563 confido,
808 2500 854 2568 qui
878 2498 948 2556 ditia
972 2500 1092 2572 superius
1106 2501 1141 2558 ad
1155 2502 1179 2575 1.
1198 2517 1244 2572 152
1264 2501 1399 2573 legerint·

412 2575 514 2632 Omnis
535 2576 654 2648 lupetior
685 2571 755 2629 inira
784 2575 878 2631 Deum
914 2578 1107 2636 austeritatem
1138 2579 1226 2636 habet
1254 2582 1397 2636 nitentem

411 2651 712 2722 rationibus,quatum
720 2645 829 2723 justitio
842 2652 878 2707 ab
895 2651 992 2724 ailquo
1005 2653 1078 2724 Jurls
1092 2655 1236 2713 Naturalis
1251 2669 1397 2729 precepto

410 2725 535 2802 pendet.
557 2724 686 2801 adeoque
704 2729 790 2782 eriam
818 2726 853 2785 ad
877 2728 950 2786 iliius
965 2727 1034 2804 justi
1056 2732 1132 2802 leges
1153 2730 1300 2793 refertur,
1321 2733 1400 2793 cuius

414 2804 539 2874 obligatio
555 2819 619 2858 vere
635 2801 828 2877 a-sttperiort's,
851 2818 899 2862 aut
920 2805 1003 2879 Regis
1019 2806 1145 2881 Regem,
1166 2824 1199 2864 ac
1212 2807 1328 2867 Domini
1345 2807 1400 2863 Do·

413 2880 572 2936 minantium
591 2880 739 2936 uoluntate
755 2892 876 2937 emanat.
916 2882 1022 2939 Verum
1037 2884 1086 2955 jur
1107 2884 1284 2957 imperandi,
1309 2887 1402 2957 supre·

411 2971 462 3012 nro
482 2953 521 3010 iili
544 2954 608 3010 Enti
628 2966 812 3025 competens.
840 2957 982 3013 rationibus
1005 2959 1218 3030 superstruitur,
1240 2978 1308 3034 quae
1322 2956 1404 3034 justi·

414 3026 480 3085 iiam
503 3028 576 3084 suam
599 3029 690 3086 secum
715 3030 845 3095 uehunt,
875 3048 928 3088 nec
953 3036 1073 3092 mutuari
1099 3036 1212 3094 aliunde
1233 3040 1294 3095 vim
1318 3036 1403 3096 uliam

415 3121 488 3178 opus
504 3105 618 3161 habent.
657 3102 793 3164 Nondum
814 3108 930 3179 cognito
949 3109 1041 3176 Deo.
1062 3125 1110 3170 aut
1131 3113 1235 3172 semota
1259 3116 1324 3183 eius
1346 3116 1405 3173 cxi·

414 3180 541 3244 lientta,
569 3179 607 3239 nii
633 3180 694 3237 sutis
714 3192 844 3254 inagnum
876 3184 1092 3257 conspicimus,
1118 3189 1194 3264 quod
1218 3189 1403 3251 voluntatum

335 3275 344 3282 ·’
416 3256 574 3314 nostrarum
605 3254 736 3330 deposcat
764 3258 984 3329 sublestionenu
1012 3265 1050 3321 nli
1084 3265 1146 3323 satis
1172 3265 1302 3336 justum,
1323 3264 1405 3342 quod

413 3335 556 3391 ailionum
571 3334 725 3392 nostrarum
744 3351 843 3393 norma
859 3337 1010 3396 necessario
1024 3341 1120 3400 haberi
1141 3341 1254 3412 debeat.
1298 3346 1404 3418 Neque

339 3441 342 3449 ·
417 3413 504 3468 etiarn
526 3414 552 3467 in
570 3425 667 3468 nartrra
685 3428 801 3477 retum,
823 3413 936 3472 libertas
961 3415 1071 3483 nostra,
1090 3419 1191 3476 eximia
1214 3420 1263 3478 llla
1282 3412 1406 3481 facultas

349 3511 357 3522 r
418 3504 460 3544 err
475 3489 608 3544 intimiori
626 3498 730 3545 nature
749 3489 847 3545 nostra
860 3491 1064 3551 constitutione
1086 3494 1228 3562 oriunda,
1247 3501 1407 3571 quicquam

418 3565 546 3625 invenit.
566 3563 642 3636 quod
663 3562 697 3620 ad
720 3566 804 3635 ipsam
827 3566 1071 3640 constringendam
1093 3571 1156 3629 satis
1175 3573 1282 3631 habeat
1304 3576 1408 3633 validi-

338 3677 340 3681 2
421 3642 505 3697 tntis:
525 3639 563 3696 1111
577 3644 776 3702 convenientioe.
796 3643 912 3710 ordinis,
932 3645 1044 3714 decutit,
1064 3644 1200 3722 honestetis
1217 3663 1325 3718 nexus,
1343 3653 1408 3726 qus·

418 3716 476 3775 bur
493 3729 558 3773 tunc
572 3712 673 3788 justum
695 3717 873 3785 absolvitur,
894 3735 975 3776 metz
1003 3723 1178 3797 speculativo
1202 3727 1339 3785 notiones
1362 3746 1410 3787 re·

421 3805 554 3858 manent,
565 3793 656 3849 donec
668 3794 757 3851 uobis¹
766 3793 936 3864 constiterit,
947 3796 1091 3872 ilium,qui
1104 3814 1230 3859 naturam
1243 3818 1354 3867 terum,
1370 3818 1410 3865 ac

420 3871 562 3928 rationem
580 3871 649 3940 ipsas
678 3871 892 3944 perspicientem
918 3885 1002 3947 atque
1021 3877 1224 3951 adprobantem
1251 3878 1407 3951 condidit,

419 3948 502 4011 uelle,
524 3960 554 4002 ut
578 3946 675 4002 iisdem
698 3949 870 4006 externos&
892 3946 1017 4009 internos
1037 3952 1147 4012 nostros
1170 3968 1262 4012 motus
1282 3957 1407 4016 consor·

417 4037 533 4079 memus.
576 4021 615 4078 lbi
632 4025 730 4096 incipit
746 4020 874 4094 offitium.-
893 4027 972 4084 lintis
997 4027 1102 4088 summe
1118 4025 1229 4103 petsetli
1248 4029 1410 4104 voluntat,

421 4099 521 4156 nostru
535 4097 574 4153 est
595 4116 709 4163 norma.
730 4116 816 4173 arque
832 4103 876 4168 is,
897 4119 912 4157 a
931 4119 1005 4175 quo,
1020 4106 1154 4181 quitquid
1175 4107 1410 4182 sumusmccept-

420 4188 497 4236 mus,
526 4177 643 4246 exigere
668 4177 871 4248 proculdubio
892 4179 1004 4253 potest,
1028 4196 1072 4249 ut,
1094 4188 1151 4242 ne?
1171 4183 1288 4256 nicquid
1308 4184 1410 4247 forsan

419 4249 502 4309 nobit
518 4252 546 4308 iu
567 4267 695 4315 urentem
715 4256 818 4331 veuit,
836 4260 955 4334 proptio
981 4260 1098 4322 arbitrio
1161 4263 1309 4340 ciplamtts.
1350 4264 1413 4324 Dc·

1340 4356 1405 4421 prce
