3034 5509
404 650 528 720 Liri.
565 647 614 718 II.
663 647 793 720 Cir.
827 647 902 723 IV.
1067 657 1143 749 635

141 851 214 922 que
237 849 297 924 pat
319 822 359 897 iit
377 823 527 897 troitum
550 819 617 896 effe
636 818 727 916 (g),
753 822 810 914 qui
831 847 1038 918 excorpore
1053 852 1136 924 pro·

149 927 257 1000 venit.
323 923 366 995 Et
396 925 474 1018 quia
498 921 560 995 iiia
585 927 699 1012 proies
728 919 894 995 nascitura
922 928 1023 1021 piune
1061 950 1133 1000 non

143 1042 236 1107 erat,
262 1020 288 1093 si
312 1023 472 1094 dominus
498 1019 572 1110 jure
597 1019 675 1091 beiii
703 1019 737 1089 in
765 1039 942 1114 parentent
962 1024 1036 1096 usus
1053 1024 1132 1099 fuis·

142 1122 190 1194 set
223 1120 305 1216 (i).
375 1119 420 1190 Et
453 1120 530 1212 quia
555 1139 677 1211 paiens
712 1115 795 1190 nihii
837 1118 938 1193 haber
979 1124 1130 1219 proprii,

142 1219 233 1291 nuiia
260 1217 348 1290 ratio
373 1215 505 1310 prolem
537 1216 704 1308 ejusmodi
735 1215 846 1287 aiendi
870 1219 1042 1310 superest,
1068 1219 1130 1294 nisi
1163 1222 1165 1228 ’

141 1339 184 1389 ex
209 1315 310 1390 bouis
336 1314 497 1389 herilibus
523 1314 597 1411 (i).
650 1315 737 1385 Cunt
759 1313 864 1411 igitur
887 1315 1049 1392 domiuus
1072 1322 1132 1392 aii·

1037 1438 1132 1492 meti-

138 1609 193 1658 soia
213 1621 245 1657 ex
267 1608 343 1658 servii
407 1630 427 1649 ··
496 1619 546 1658 ttirn
583 1619 620 1653 i·
667 1621 714 1666 ·4·
735 1609 859 1675 &cadero
875 1611 1135 1675 quanicyaflinimt

138 1672 225 1721 vitutis
241 1673 386 1722 constituere
412 1692 419 1699 ·
452 1675 493 1722 uir.
526 1675 619 1723 Norunt
652 1673 728 1720 utitur
753 1674 848 1721 ratione
867 1676 1052 1731 confirmatum,
1080 1677 1132 1724 Ηο·

138 1737 207 1784 eniut
226 1737 259 1783 eii
275 1750 306 1784 eit
323 1749 378 1796 cup.
396 1747 419 1792 3.
438 1737 618 1795 patentiboaii-
652 1737 741 1783 minem
760 1737 784 1783 in
803 1739 1131 1789 alteriutiaotninitDmt‘nir

139 1799 214 1848 berna
234 1812 283 1847 non
296 1794 417 1848 ‘incedere
436 1807 559 1858 titnquinr
575 1800 618 1847 bo·
650 1799 751 1856 proprie
776 1803 808 1848 iic
829 1801 895 1850 disto
916 1804 964 1852 effe
986 1810 1035 1850 utin
1054 1803 1130 1862 posse.

137 1863 617 1921 naunaenantadiriorntnproprietatern
651 1864 742 1919 Atinio,
760 1875 816 1913 cum
827 1867 929 1923 Anima,
944 1879 1001 1925 pm
1016 1865 1130 1916 Hominis

137 1923 291 1985 spestnntia‚
316 1939 397 1984 neque
421 1930 617 1984 parentibutnn·
650 1926 772 1985 nobilior,
796 1941 810 1974 a
835 1927 976 1987 parentibus
998 1941 1048 1976 nnn
1064 1930 1128 1977 deti·

136 1988 395 2047 ruraliterperiestutn
408 1992 536 2044 imperinm
549 2003 618 2039 corn·
649 2002 739 2046 vatur,
759 2003 856 2048 equum
870 1993 932 2052 esse,
946 2004 971 2039 ut
987 2003 1016 2038 ea
1032 2003 1127 2052 partein

136 2062 225 2110 petere
250 2051 275 2100 in
288 2052 392 2101 .1ibernt
426 2055 467 2102 ubi
490 2057 615 2111 aquales:
648 2052 821 2110 ignobiliorem
843 2059 872 2102 an
897 2056 922 2103 se
942 2056 1026 2104 trihu.
1057 2057 1127 2104 Cita-

137 2116 217 2163 rnultn
235 2111 409 2165 ministeriis
430 2116 469 2173 jur
490 2129 616 2178 competet
648 2129 722 2163 nricir.

135 2179 289 2238 profundere
313 2180 450 2228 libertatern
470 2179 568 2228 fuorunt
585 2180 615 2229 ii·
680 2179 733 2238 (b)
756 2179 817 2242 Jm
832 2181 884 2228 iiiii
905 2184 929 2227 in
946 2191 1063 2242 pomto-
1076 2181 1127 2242 afui

136 2241 253 2290 berorum
280 2255 326 2301 pro
352 2244 438 2291 inbitu.
480 2244 561 2305 Quum
579 2256 616 2291 tt·
642 2240 750 2304 fuiffti}
789 2243 972 2300 Consequentia
989 2246 1023 2292 eit
1041 2248 1124 2294 nuiitt

135 2315 195 2352 nien
217 2304 279 2353 servi
303 2318 373 2354 natos
393 2319 424 2354 ert
445 2306 470 2353 se
490 2307 532 2366 ἱρή
549 2311 616 2354 aiere
648 2306 689 2352 sed
713 2317 794 2361 neque
818 2317 905 2352 veroin
925 2309 977 2364 eii,
1001 2308 1126 2362 quoditie

134 2369 413 2426 nonpniiinr,eosuue
431 2370 532 2418 domino
549 2374 617 2418 aien-
648 2366 816 2427 supponitur,
851 2382 940 2418 ornnes
967 2371 1009 2428 qui
1037 2372 1127 2430 beiio,

132 2431 183 2480 dot
201 2432 337 2479 neceiiitate
355 2430 430 2479 adisti
455 2436 618 2488 concedam
648 2430 721 2477 etiam
738 2430 799 2483 iustu
809 2464 818 2487 ‚
829 2432 975 2488 capiuntur,
990 2434 1127 2488 prasertim

134 2493 308 2542 dominutiiuc
326 2495 423 2542 ratione
441 2507 543 2552 propter
558 2496 617 2542 etiu-
648 2494 777 2545 staminas,
799 2494 851 2552 (de
874 2495 961 2552 quihus
984 2497 1023 2541 iric
1035 2496 1126 2554 ruitur,

135 2556 243 2605 cationis
261 2555 410 2604 benefitium
435 2555 474 2611 ius
497 2559 538 2604 tibi
564 2561 617 2604 nul·
648 2554 808 2604 Putareninr
819 2556 1002 2614 Woirmseqni
1018 2559 1126 2621 dicitur)

132 2623 188 2668 iutn
200 2620 306 2679 adquirit
321 2619 346 2664 in
365 2619 486 2668 triirrnndi
499 2620 617 2666 infantes:
647 2615 702 2672 jura
718 2617 783 2672 poue
803 2618 891 2664 occidi,
923 2621 999 2667 inuri.

134 2682 180 2730 sed
195 2682 269 2740 mauis
284 2683 402 2743 patriam,
421 2694 493 2739 quarn
509 2682 617 2737 despoti-
680 2679 732 2741 (i)
745 2680 800 2740 Ntfi
813 2697 841 2727 aa
853 2686 914 2729 bonit
928 2679 1061 2744 horitrius}
1081 2684 1124 2733 Pa·

135 2757 192 2794 tant
207 2747 351 2805 potestatem
366 2745 529 2804 nanciscitur,
546 2746 569 2795 ἀ
587 2747 616 2794 ii·
646 2753 683 2790 tet
706 2756 737 2791 ex
757 2746 833 2790 ruodo
850 2743 935 2799 ditiis,
960 2749 1024 2794 hunc
1046 2745 1124 2795 sointn

133 2807 190 2858 beri
215 2809 251 2857 iili
278 2809 413 2859 adultiores
439 2809 496 2856 faeti
523 2822 615 2870 ptaeter
645 2804 754 2854 servituti
794 2808 943 2855 hereditaria·
975 2819 1124 2865 prittanium

131 2878 228 2932 gratum
253 2873 358 2922 animuin
383 2873 405 2919 ἁ
429 2873 508 2922 officia
530 2873 614 2923 iiberia
643 2870 748 2918 restare:
765 2871 787 2917 ot
803 2870 837 2918 ob
853 2873 950 2920 causatu
968 2874 1067 2930 quintin
1083 2874 1123 2922 iiic

132 2936 217 2984 debita
240 2937 340 2985 domino
365 2936 409 2984 suo
423 2937 481 2984 ninii
496 2937 611 2995 prieiinre
643 2935 795 2994 assignatam,
819 2935 877 2993 quin
893 2947 969 2982 verua
994 2934 1035 2983 fiat
1054 2938 1125 2985 tirbi-

130 3010 255 3048 tenentur.
284 2999 439 3063 Quicumque
456 3013 537 3049 mores
551 3013 609 3059 gen·
641 3008 681 3044 tor
697 2996 777 3045 nitori
793 2995 854 3053 suo,
880 2999 908 3046 ati
930 3002 1040 3047 vitiorem
1059 3001 1123 3049 surn-

130 3060 194 3110 tiunt
210 3061 283 3110 hosce
304 3062 395 3110 limitet
410 3063 560 3123 traniiiiunt,
578 3065 609 3113 ad
642 3072 727 3119 ptuutn
749 3061 773 3107 ei
794 3063 883 3110 alentio
897 3063 918 3108 ut
932 3065 1060 3110 educando
1076 3077 1121 3112 ne·

127 3124 194 3174 fatri
205 3126 310 3182 aeonum
327 3125 452 3183 speciant,
470 3139 519 3173 non
531 3126 609 3184 adjut
642 3124 742 3172 cessario
756 3123 939 3185 impensorum,
961 3127 1060 3174 nonest
1076 3129 1122 3176 iitr-

130 3199 238 3237 naturat
257 3202 305 3237 nec
315 3192 409 3247 miror,
436 3189 562 3238 servorum
580 3192 610 3238 ii·
642 3187 725 3235 bium:
749 3186 800 3236 iruo
824 3187 949 3235 &Filium
965 3190 1054 3236 eodem
1074 3205 1119 3241 no·

130 3251 197 3301 beris
217 3265 229 3299 a
252 3265 289 3301 tot
306 3253 419 3313 pentibus
435 3252 554 3302 servituris
571 3251 608 3308 iu·
642 3250 710 3298 ruine
724 3250 868 3298 Parentibus
883 3251 948 3303 suit.
964 3266 976 3298 a
992 3252 1081 3309 quibus
1092 3268 1119 3301 a·

126 3315 264 3375 guntfuiise
280 3318 436 3374 impolitum
456 3329 530 3373 unuin
546 3320 606 3375 pite·
638 3313 710 3373 iitur,
737 3313 876 3361 debitorem
907 3313 985 3370 fleri,
1012 3316 1118 3364 diximus
1149 3325 1151 3328 ·

125 3390 216 3437 neque
233 3393 316 3434 gentes
335 3381 376 3427 vix
396 3380 443 3428 fuir
463 3381 547 3428 liberis
562 3393 606 3438 pe·
638 3376 864 3436 raptorapto<
888 3378 948 3438 §.7.
985 3377 1041 3424 Hoc
1065 3379 1117 3436 qui-

127 3441 272 3501 pereeriut‚
290 3442 439 3492 &duriiiitna
455 3443 546 3502 quovis
565 3445 606 3492 da·
638 3442 694 3488 dein
709 3439 827 3498 interest,
849 3442 929 3497 quod,
948 3451 1003 3488 curu
1018 3455 1032 3488 a
1047 3453 1117 3488 corn-

125 3517 151 3552 τι
170 3505 297 3554 octauoue
314 3507 339 3553 in
356 3509 459 3558 eordent
470 3507 607 3559 statuerint.
636 3502 704 3562 mimi
730 3503 859 3551 Pvenfflffl
881 3500 969 3550 “festu
988 3503 1011 3548 ἃ
1033 3504 1115 3551 ⁰ffi⁰i⁰

126 3569 246 3617 Tarona.
638 3569 784 3622 abhorreat,
806 3580 818 3614 a
836 3566 932 3615 Liberis
954 3564 1014 3621 suis,
1031 3565 1116 3617 saitem

161 3628 216 3692 (g)
237 3631 286 3679 Par
303 3630 334 3691 fir
351 3630 450 3690 soonam
471 3631 535 3695 offa}
574 3636 606 3682 Αι
636 3633 731 3678 nuiiunr
750 3630 873 3689 peculium
896 3627 1056 3677 adventitium
1074 3633 1114 3680 ha·

125 3692 196 3743 resti.-
216 3706 261 3742 nns
281 3692 368 3751 docuit
391 3693 533 3755 Jastiniaoor
549 3696 604 3755 lust.
637 3694 768 3754 bentibus,
788 3693 853 3740 iilius
870 3691 944 3740 debiti
965 3691 1113 3745 suintionent

125 3761 167 3807 iii.
182 3758 214 3806 II.
229 3759 268 3803 tir.
288 3769 309 3804 r.
324 3757 347 3817 §-
362 3766 401 3812 37.
435 3760 559 3815 Amodata
570 3765 604 3808 oi·
637 3758 752 3816 exigere,
766 3757 807 3805 nist
823 3756 915 3804 sumnia
937 3756 1037 3806 iiiorurn
1051 3758 1112 3808 iudi·

126 3822 178 3871 diri
201 3821 314 3868 Hminem
335 3821 361 3865 in
377 3817 457 3882 fiueio
477 3820 529 3881 iffi,
557 3838 605 3869 cont
634 3821 733 3879 gentia,
747 3823 789 3868 vei
807 3822 892 3869 horum
906 3820 1071 3878 ingratitudo,
1087 3825 1115 3870 fit

126 3896 197 3934 enirm
211 3884 301 3945 stacius
323 3898 397 3930 rerunt
422 3896 506 3931 natura
526 3888 605 3943 gratia
635 3884 660 3931 in
680 3883 772 3940 catria3
795 3884 908 3932 Dominis
928 3896 1037 3942 contra,
1062 3897 1114 3942 quo

125 3949 227 3997 Hniair
242 3949 419 4006 cmparamii:
433 3950 499 4004 quoti
515 3948 530 3994 st
544 3951 606 3994 itanc
635 3945 713 3994 minus
728 3957 782 3993 eant
802 3963 814 3994 a
830 3946 913 3995 uernis
932 3946 981 3993 sitii
998 3946 1115 4003 exigant,

124 4012 163 4058 ob
183 4009 296 4066 causant,
322 4019 348 4057 ui
373 4015 426 4058 vuit
449 4010 604 4070 Imperator,
635 4008 859 4066 nihiiohstettuua
874 4021 930 4056 curn
951 4019 1034 4055 uernte
1051 4011 1115 4059 haud

122 4085 207 4134 partui
216 4073 310 4121 anciliae
326 4085 375 4117 non
387 4075 413 4119 sir
423 4075 605 4136 Uafroiiuriss
636 4073 722 4127 ariter,
738 4082 810 4128 quant
825 4070 936 4129 prestitis
949 4073 1034 4127 operit
1049 4072 1113 4134 suia,

125 4147 209 4196 patet,
226 4136 352 4194 nequead
373 4138 489 4185 Domini·
504 4140 603 4198 proprit-
634 4132 732 4189 defungi
766 4133 832 4189 poiie
857 4133 1043 4190 supponantur;
1071 4139 1113 4188 itia

123 4203 181 4248 tatii
209 4200 409 4256 competitione
436 4202 520 4259 posse,
551 4211 603 4248 tan·
637 4209 727 4256 operas
744 4194 824 4242 Aitori
843 4194 888 4243 suo
909 4195 938 4240 aii
956 4195 1025 4245 istoru
1042 4204 1111 4247 utin·

122 4274 199 4321 quarn
216 4263 316 4323 fraena
333 4268 367 4310 nr·
379 4265 445 4322 siaa
469 4264 604 4324 praesertim
635 4273 690 4310 rem
707 4270 821 4306 tenentur
837 4256 971 4317 prestaret
985 4257 1111 4314 iuxttdu·
1206 4284 1208 4289 ·

123 4337 183 4377 curu
196 4322 267 4386 supra
282 4324 406 4379 omniunt
420 4329 462 4390 ut,
477 4329 530 4390 obst
545 4341 566 4377 ι.
578 4327 603 4379 iu
636 4323 740 4374 (trinam
759 4321 870 4374 traditam
888 4321 960 4384 supra
973 4325 1026 4386 01ss
1043 4337 1065 4458 rs.
1085 4330 1111 4376 in

1067 4424 1073 4439 .
1087 4406 1112 4456 4.
