3034 5509
404 636 484 741 950
605 620 747 741 Nora
779 638 841 735 Jo.
875 636 1187 748 Bannnrrttctr

413 817 468 892 pro
484 814 593 875 ratione
612 825 773 890 temporum
793 830 826 871 ac
842 814 969 873 locorum
990 815 1108 874 variant.
1153 815 1199 876 Sic
1223 833 1250 874 e.
1273 833 1304 893 g.
1330 814 1411 880 firtt⁴

418 894 500 952 stitus
516 908 531 948 a
546 889 680 950 Ptaeseilo
698 890 803 948 bellico
819 907 963 949 nummum
980 891 1118 963 accipiat,
1138 909 1233 966 eoque
1251 896 1411 968 propinan-

419 982 463 1037 te,
485 969 511 1024 ln
534 968 649 1025 sulutem
669 965 757 1037 Regis
777 967 873 1038 bibat,
891 967 998 1024 militia
1018 984 1122 1026 nomen
1140 968 1244 1026 dedisse
1267 973 1412 1030 censetur.

458 1045 523 1103 Loco
537 1041 642 1122 figis]-
682 1044 748 1100 Huc
764 1042 855 1110 valet,
883 1059 946 1100 curn
970 1043 1013 1111 is,
1040 1044 1119 1117 cujus
1142 1061 1185 1103 res
1208 1047 1322 1120 agitur,
1343 1067 1413 1123 pte·

420 1119 499 1189 sens,
528 1133 576 1178 aut
602 1119 668 1184 aljar
688 1116 858 1175 sufficienter
880 1117 915 1176 de
940 1119 1058 1192 negotio
1083 1121 1249 1180 informatus
1274 1125 1343 1191 est,
1369 1126 1413 1183 cui

422 1196 555 1256 obsistere
570 1194 725 1261 debuisset,
746 1195 766 1252 sr
782 1195 896 1267 quidem
914 1195 1005 1252 rideri
1025 1195 1156 1255 noluisset
1173 1199 1356 1260 consentire:
1388 1218 1414 1258 e.

387 1335 390 1338 ,
421 1292 451 1348 g.
471 1271 569 1347 siquis
586 1272 613 1328 se
630 1288 683 1344 pro
703 1269 796 1328 altero
817 1270 943 1329 adstante
965 1273 1050 1331 :ertio
1074 1274 1194 1348 cuipiam
1216 1275 1302 1343 buius
1325 1276 1415 1333 credi·

426 1349 482 1408 tori
503 1346 658 1418 fidejubere
680 1345 821 1404 declaret:
842 1346 956 1405 debitur
970 1352 1009 1405 eo'
1023 1347 1097 1422 ipso,
1118 1349 1197 1423 quod
1216 1350 1313 1422 stleat,
1335 1353 1419 1411 ilium

424 1422 612 1496 fidejussorem
633 1427 708 1479 suum
725 1420 897 1480 constituisse
924 1423 1060 1483 censetur.
1108 1425 1251 1494 Locator,
1281 1431 1331 1501 qui
1353 1429 1416 1501 poll

330 1545 333 1551 .
425 1501 549 1576 elapsum
565 1499 759 1579 conductionis
775 1510 885 1572 tempus
908 1499 1111 1558 conductorem
1127 1503 1154 1558 in
1173 1519 1204 1562 re
1227 1502 1323 1562 locata
1348 1521 1417 1563 con·

426 1579 538 1643 tinuare
553 1575 672 1651 patitur,
695 1575 858 1635 relocavisse
874 1575 1048 1650 intelligitur.
1088 1576 1175 1636 Aliud
1190 1581 1360 1654 exemplum
1380 1581 1418 1638 vi·

426 1653 464 1716 de
485 1652 642 1711 Numeror.
663 1650 754 1709 XXX.
777 1667 802 1720 4.
826 1667 852 1722 ς,
1385 1680 1389 1685 ·

468 1729 630 1787 Condiciones
655 1724 800 1804 nrc'rfforioe
818 1727 875 1804 stnt
891 1725 1146 1806 subintelligendo}
1202 1732 1238 1790 E.
1261 1750 1290 1806 g.
1311 1733 1366 1806 qui
1388 1748 1419 1807 ex

427 1805 535 1882 praedio
549 1807 670 1862 vendito
684 1803 806 1874 aliquam
822 1805 870 1862 stbi
884 1805 1048 1876 particulam
1064 1806 1179 1880 recipit,
1195 1825 1234 1865 eo
1249 1809 1313 1883 ipso
1329 1811 1417 1878 viatu,

428 1890 491 1954 quae
516 1897 552 1937 eo
572 1882 670 1945 ducit,
693 1882 778 1938 tacite
798 1878 848 1937 srbi
864 1879 995 1938 reservat.
1050 1883 1085 1939 Et
1101 1899 1172 1940 rana
1193 1882 1260 1940 sane
1284 1885 1417 1943 subtilitas

427 1955 498 2023 fuit,
527 1973 609 2026 quarn
633 1955 718 2012 refert
743 1957 909 2014 Nuonrtus
930 1958 1021 2033 observ.
1046 1955 1084 2016 H.
1113 1974 1160 2030 27.
1180 1961 1259 2020 acsi
1290 1973 1418 2040 tempore

427 2029 556 2106 Ciceronis
569 2048 602 2092 ac
617 2033 742 2092 Labeonis
761 2032 817 2090 vim
832 2033 903 2108 segis
925 2035 1091 2094 obtinuerit.

835 2185 859 2260 t,
900 2186 1003 2247 xrt.

470 2335 604 2416 Tanquam
626 2340 795 2400 conditionem
812 2338 1017 2416 supptffuert'n}
1056 2340 1203 2420 supposita
1227 2345 1366 2406 conditio
1377 2347 1418 2406 ali·

428 2419 544 2494 quando
563 2434 598 2475 ex
622 2417 678 2487 ipsa
693 2418 802 2490 negotii
824 2431 919 2475 natura
937 2418 1018 2476 fluit:
1038 2418 1102 2476 utsr
1123 2421 1186 2494 quis
1205 2437 1274 2479 cum
1289 2425 1416 2491 foemina,

429 2489 567 2568 virginem
588 2495 615 2553 se
633 2492 761 2561 serente,
783 2497 956 2554 contraxerit
971 2494 1123 2567 sponsalia;
1143 2511 1191 2554 aut
1211 2509 1299 2569 pater
1317 2517 1417 2561 tantun
1443 2511 1444 2516 ’

429 2573 459 2645 in
475 2572 572 2627 dotem
590 2570 651 2628 filie
671 2567 843 2638 promiserit:
864 2589 899 2629 ert
918 2587 978 2644 quo
994 2572 1069 2627 enim
1087 2569 1226 2628 deflorata
1242 2573 1365 2635 furmina
1379 2579 1417 2634 de

429 2645 634 2724 prehenditur,
654 2645 732 2702 nulla
748 2644 818 2702 fiunt
832 2645 985 2718 sponsalia:
1003 2663 1058 2704 nec
1077 2646 1197 2705 validior
1213 2651 1304 2710 etium
1321 2653 1362 2712 esl
1377 2652 1418 2711 dn
1443 2700 1444 2707 ,

426 2724 467 2784 'tis
482 2721 645 2799 promisso,
666 2720 685 2778 si
700 2721 804 2796 nuptie
820 2720 918 2781 secute
932 2739 990 2780 non
1013 2722 1082 2780 fint:
1102 2725 1234 2799 quamvis
1253 2724 1291 2785 tle
1312 2730 1370 2789 hoc
1382 2747 1418 2787 ca·

430 2799 461 2858 su
480 2798 549 2857 nihil
571 2810 638 2854 ante
661 2794 708 2855 ves
729 2814 744 2852 a
765 2795 880 2869 sponso,
909 2799 955 2856 vel
974 2813 1088 2873 epatre
1109 2799 1211 2859 dissum
1236 2799 1335 2866 fuerit
1371 2808 1418 2865 Ve

434 2891 497 2933 rum
520 2869 662 2931 interdurn
683 2873 768 2930 etiarn
793 2873 953 2931 conditioni
974 2891 1037 2933 cum
1065 2877 1174 2952 negotii
1195 2890 1303 2937 natura
1335 2882 1416 2941 nullut

429 2966 482 3024 per·
500 2947 527 3004 se
552 2964 643 3005 nexus
664 2947 830 3005 intercedit:
858 2948 885 3004 dt
907 2961 988 3021 tunc,
1020 2951 1089 3010 licet
1109 2967 1257 3028 utcunque
1280 2956 1313 3015 id
1328 2956 1417 3034 fignifi-

431 3024 551 3089 candum
573 3022 620 3091 fit,
651 3021 730 3097 quod
754 3021 942 3097 supponitur:
974 3043 1032 3085 non
1061 3041 1154 3087 tamen
1185 3031 1303 3106 semper
1326 3036 1416 3094 disene

431 3099 504 3157 inud
527 3097 603 3168 sieri,
632 3096 773 3156 necessum
793 3098 841 3157 est.
888 3101 917 3161 Si
937 3120 963 3162 e.
979 3122 1006 3176 g.
1028 3103 1110 3162 alteri
1133 3105 1277 3166 dixerim:
1299 3110 1416 3171 monili

424 3171 492 3255 sunt
510 3174 586 3248 liujus
608 3178 651 3231 trel
672 3175 744 3230 illius
766 3177 828 3233 lilri
851 3182 1020 3255 exemplario:
1044 3198 1124 3240 ttnrtrn
1137 3184 1188 3239 tili
1203 3182 1295 3245 dolo:
1330 3186 1418 3248 sufficit

433 3254 510 3321 ltnc,
531 3265 632 3309 utnon
649 3262 765 3316 tenear,
788 3252 807 3309 st
823 3251 1061 3326 deprehenderim
1074 3258 1189 3333 possea,
1210 3277 1258 3318 rne
1276 3264 1418 3332 errarise,

429 3334 490 3388 'nec
521 3339 621 3403 praeter
646 3342 733 3385 unum
760 3328 787 3385 in
805 3328 976 3390 bibliotheca
999 3349 1060 3390 mea
1079 3336 1225 3410 exemplar
1249 3338 1418 3400 offenderint
1443 3335 1444 3400 ἶ

437 3405 518 3476 libri,
541 3421 626 3480 quem
644 3402 841 3481 promiseram,
862 3407 921 3464 duo
934 3408 1004 3466 mihi
1018 3408 1162 3481 suppetere
1176 3418 1358 3492 exemplaria
1370 3420 1419 3476 eri·

435 3483 559 3540 slimntts.
598 3482 839 3562 Quandoquidem
864 3485 939 3543 eninr
962 3485 1025 3541 heic
1047 3482 1085 3545 de
1107 3486 1247 3560 promiffis
1274 3511 1356 3554 mere
1386 3510 1419 3551 ta·

439 3557 521 3618 ruitis
543 3557 657 3627 agitur:
682 3574 696 3612 a
719 3559 885 3631 promissore
903 3561 974 3620 ttilris
998 3560 1074 3619 eliud
1088 3565 1179 3636 potest
1200 3566 1304 3642 exigi,
1337 3512 1420 3631 usgue

434 3634 513 3690 bona
535 3633 590 3690 side
614 3636 642 3690 in
664 3650 762 3691 errore
781 3635 906 3693 versatus
929 3638 981 3697 stt:
1007 3653 1101 3712 neque
1122 3640 1208 3698 etiam
1231 3641 1258 3698 is
1278 3659 1347 3705 anre
1366 3663 1419 3724 pro

432 3709 568 3777 missum,
590 3707 694 3766 summa
716 3710 743 3764 itt
763 3711 880 3779 facium,
907 3714 986 3786 quod
1015 3713 1172 3788 supposuit,
1203 3718 1355 3792 inquirere
1371 3722 1419 3781 diti

437 3786 534 3860 gentle
561 3787 731 3853 tenebatur3
752 3787 790 3844 ita
810 3800 857 3854 ut,
876 3787 994 3857 siniret,
1022 3795 1068 3850 cui
1084 3793 1250 3867 promissum
1278 3812 1356 3870 erat,
1376 3801 1419 3859 bnt

436 3878 490 3919 ceu
506 3859 651 3919 indubium
665 3859 879 3934 exspectaverit,
901 3864 1019 3933 lrabeat,
1040 3868 1119 3942 quod
1136 3869 1184 3928 fibi
1205 3871 1345 3943 imputet.

473 3936 503 3994 Si
518 3954 552 3994 ex
565 3935 683 4013 erroro}
724 3938 820 3996 Modo
839 3940 950 4015 quidem
972 3959 1051 4000 error
1066 3943 1139 4002 circa
1159 3945 1274 4020 aliquid
1298 3950 1420 4026 paaoes·

437 4015 555 4072 sentiale
577 4014 721 4081 versetur:
743 4016 772 4072 id
788 4015 842 4084 esl,
862 4034 925 4076 cum
945 4018 1086 4093 proesentis
1109 4024 1216 4095 negotii
1242 4039 1368 4102 natura,
1384 4039 1421 4087 ant

436 4089 597 4147 alterutrius
618 4091 845 4148 contrabentium
869 4094 1045 4163 intentione,
1068 4112 1197 4170 tempore
1217 4103 1421 4168 contractans

425 4164 582 4236 ·gnificata‚
604 4183 636 4223 ac
658 4182 710 4238 pto
729 4169 823 4231 causa.
852 4173 923 4228 citra
938 4187 1022 4244 quarn
1044 4176 1216 4232 contraitum
1234 4193 1300 4238 non
1325 4181 1421 4246 fuisset.

423 4240 570 4319 ,utrinque
591 4243 702 4316 agnita,
724 4245 905 4304 necessarium
925 4263 1029 4306 nexum
1052 4249 1178 4310 babeat:
1200 4254 1275 4312 alias
1299 4260 1421 4320 enimee

436 4329 502 4383 ror,
524 4333 587 4376 curn
611 4322 640 4378 in
661 4323 837 4382 contractum
857 4339 917 4384 non
943 4323 1056 4393 innuat,
1079 4342 1174 4403 neque
1188 4331 1282 4396 et'um
1304 4335 1421 4396 huncit·

1355 4414 1423 4474 ritu
