3034 5509
265 597 372 679 1006
433 576 654 669 Existunt
680 593 907 668 Cessante
930 593 1164 702 Auouuxt

273 769 373 839 cuses.
418 764 502 834 Nam
517 785 552 833 ut
571 785 709 849 taceam,
734 766 817 848 quod
833 765 852 847 (
865 766 909 848 ι)
930 765 1089 835 Guorrus
1106 770 1193 835 bene
1210 790 1268 836 no·

270 853 376 932 tavit,
395 851 467 916 fore
484 850 618 933 aliquam
635 851 810 915 naturalem
827 850 1077 933 obligationem,
1101 851 1161 918 etsr
1180 853 1266 919 dare·

272 954 343 1016 tur,
365 933 452 1020 quod
469 933 531 996 dari
547 952 612 998 non
632 929 757 1018 potest,
781 931 885 996 Deum
900 934 1021 998 nullum
1039 933 1121 1016 else,
1148 953 1207 1000 aut
1227 938 1264 1000 li·

269 1037 324 1087 cet
336 1016 444 1082 divina
459 1014 627 1082 existentia
645 1015 811 1097 seponatur
826 1015 1002 1096 tantisper;
1023 1021 1177 1098 quoniam
1197 1037 1254 1085 cer

274 1118 309 1167 te
325 1102 427 1166 multa
446 1099 483 1162 ab
503 1097 681 1163 homiuibus
697 1115 769 1181 erga
784 1097 862 1163 alios
878 1100 978 1182 exigit
990 1101 1128 1180 propriae
1145 1100 1271 1168 conser-

272 1181 415 1255 vationis
444 1179 740 1264 commoditatisque
765 1197 857 1257 cura3
883 1198 960 1263 'quae
985 1178 1145 1245 Honnrus
1169 1185 1268 1252 etiam

271 1283 332 1350 pro
347 1279 436 1347 parte
451 1264 616 1328 adnotavit
624 1283 635 1339 3
656 1264 686 1330 dt
707 1261 771 1327 hoc
795 1262 1000 1346 obligationis
1021 1263 1191 1330 vinculum
1220 1267 1263 1330 la·

272 1365 403 1413 tronum
420 1346 590 1412 societates
608 1345 754 1429 exemplo
775 1344 831 1410 suo
857 1344 1067 1424 confirmant,
1095 1347 1174 1412 dum
1195 1347 1264 1423 aliis

269 1428 396 1510 hostes,
418 1430 500 1495 inter
514 1426 545 1494 se
560 1428 702 1509 quaedam
719 1425 827 1491 officia
841 1428 948 1492 colere
962 1444 1145 1574 cogentum
1167 1448 1263 1506 quan-

270 1530 383 1597 quam,
406 1529 443 1576 ut
456 1511 519 1593 jam
534 1508 662 1590 notavi,
683 1508 905 1594 imperseslutn
920 1510 956 1576 fit
971 1529 1011 1573 va
1023 1508 1063 1573 de
1082 1511 1139 1592 Jus
1158 1511 1262 1579 Natu·

269 1614 335 1674 rae,
354 1595 442 1678 quod
463 1594 526 1662 hoc
548 1591 626 1658 'solo
647 1591 743 1657 fluat:
763 1592 856 1671 haec,
878 1593 1025 1678 inquam,
1055 1610 1091 1657 ut
1113 1611 1261 1676 taceam,

191 1696 196 1703 ’
268 1677 432 1744 sciendum
456 1673 531 1755 est,¹
547 1675 651 1742 Deum
676 1674 776 1758 ipsum
802 1666 940 1753 laudari,
967 1675 1052 1758 quod
1070 1675 1174 1757 iustus
1194 1676 1261 1757 ell3

263 1762 410 1844 ,adeoque
424 1761 488 1825 elle
504 1758 676 1846 quandam,
692 1758 792 1824 immo
808 1759 916 1843 potius
928 1755 992 1822 elie
1007 1755 1263 1845 summumipfius

254 1839 333 1908 ''Dei
356 1841 529 1926 iustitiam,
550 1840 605 1906 etsr
628 1838 789 1924 superiore
805 1855 930 1916 careat,
958 1842 989 1906 dc
1011 1838 1125 1929 sponte
1141 1861 1263 1908 naturae

269 1926 456 1992 excellentis
476 1925 581 1991 omnia
602 1922 682 1987 bene
696 1940 788 2006 agat,
812 1939 848 1985 ut
873 1940 969 1986 nemo
993 1923 1032 1985 de
1053 1941 1095 1987 eo
1115 1942 1191 1991 curn
1215 1943 1261 1990 ra·

271 2007 362 2071 tione
377 2007 468 2093 queri
491 2005 595 2089 poffit.
623 2002 762 2086 Neque
782 2003 848 2088 ipsa
870 2004 1182 2088 uoruaaattionum,
1208 2023 1263 2090 aut

271 2097 381 2154 natura
395 2078 486 2172 justi,
507 2087 640 2155 alibero
656 2087 723 2170 ejus
737 2087 888 2169 decreto,
910 2087 961 2152 sed
980 2087 1018 2152 ab
1037 2088 1165 2154 aeternis
1178 2091 1262 2156 veri·

211 2212 215 2222 -
271 2171 415 2253 tatibus,
437 2171 548 2237 divino
563 2167 739 2244 intellesiui
762 2168 913 2250 obiectis,
936 2169 1074 2254 pendet;
1093 2191 1163 2254 quae
1180 2173 1264 2257 ipsa,

160 2264 163 2271 '
201 2305 204 2311 ,
260 2267 309 2321 ut
322 2252 365 2319 src
378 2253 501 2335 dicam,
522 2251 630 2317 divina
647 2251 778 2319 effentia
804 2251 1061 2318 constituuntur:
1084 2257 1263 2340 meritoque

246 2335 483 2422 ‚aTheologis
498 2333 616 2407 Auctor
635 2353 669 2399 re
691 2332 837 2410 rehensus
850 2332 917 2415 est,
927 2337 1053 2419 quando
1067 2341 1264 2406 contrarium

270 2419 436 2498 defendit,
458 2419 577 2495 credo,
596 2355 689 2513 quos
709 2436 820 2513 pravas
843 2415 1085 2501 consequentias
1107 2438 1171 2485 non
1194 2439 1263 2516 per·

171 2504 175 2511 ’
271 2500 430 2585 spexilset.
474 2500 589 2584 Neque
608 2498 827 2583 cnrmjustitia
855 2498 1015 2565 essentiale
1034 2498 1098 2570 Dei
1123 2503 1263 2570 adtribu-

251 2601 344 2650 rtum
364 2585 442 2650 erit:
467 2583 487 2650 ii
506 2584 571 2668 ipse
602 2601 636 2649 us
651 2585 683 2650 ἃ
698 2580 851 2664 justitiam
869 2583 1001 2650 arbitrio
1026 2582 1083 2648 suo
1098 2587 1264 2653 condidit.

271 2665 318 2732 Et
336 2685 416 2735 vero
431 2665 552 2748 justitia
574 2603 679 2730 servat
702 2664 849 2748 q'uasdam
873 2667 1063 2747 equalitatis
1082 2670 1265 2752 proportio·

270 2749 474 2836 utilitatisque
494 2751 597 2835 leges,
619 2767 683 2814 non
703 2747 809 2812 minus
824 2747 855 2812 in
871 2762 980 2812 natura
997 2766 1100 2815 rerum
1117 2752 1264 2818 immuta-

274 2832 353 2911 bili,
384 2831 565 2917 divinisque
587 2829 733 2897 fundatas
758 2830 862 2908 ideis,
891 2848 983 2912 quarn
1010 2829 1265 2919 suuttprincipia

270 2913 495 2981 Arithmeticae
516 2911 768 2980 acGeometriae.
813 2901 927 2995 Neque
942 2912 1020 2976 adeo
1035 2913 1188 3000 iustitiam
1210 2936 1266 2984 aut

273 2995 453 3061 bonitatem
477 2997 639 3078 quisquam
662 2996 764 3060 divini
785 2993 908 3059 arbitrii
928 2993 992 3059 elie
1014 2995 1165 3063 defendet
1176 3044 1190 3080 ‚
1211 3000 1267 3068 nili

272 3077 326 3160 qui
351 3078 383 3143 ἃ
400 3078 584 3143 veritatem:
608 3078 695 3164 quod
718 3076 900 3160 paradoxon
924 3078 1101 3144 inauditum
1125 3079 1265 3148 Canne-

197 3201 200 3207 ›
258 3178 326 3236 ⁸sro
352 3159 475 3247 excidit
526 3159 637 3244 infigni
667 3160 884 3249 documento,
915 3178 1045 3245 magnos
1071 3162 1159 3249 polle
1180 3167 1270 3235 viros

273 3250 466 3331 magnopere
482 3209 561 3310 sabi:
583 3241 664 3327 quas
680 3241 803 3309 scilicet
817 3242 1005 3335 triangulum
1021 3242 1058 3311 fit
1074 3245 1269 3330 trilaterurm

271 3340 326 3393 aut
338 3327 402 3393 duo
422 3323 668 3392 contraditloria
682 3323 934 3410 incompatibilia
948 3324 1008 3391 lint
1022 3373 1032 3407 ,
1055 3345 1112 3392 aut
1126 3330 1265 3417 denique
1279 3348 1285 3353 ·

270 3407 338 3495 ipse
361 3406 475 3476 existat
497 3405 613 3487 Deus,
642 3408 716 3493 quia
739 3406 784 3473 ita
814 3407 902 3473 Deus
925 3407 1020 3493 julsrt.
1072 3411 1266 3494 sequeretur

272 3492 395 3571 etiarn,
417 3493 502 3575 quod
525 3491 650 3574 quidem
673 3490 890 3577 imprudenter
910 3493 1040 3573 dixere,
1067 3492 1172 3561 Deum
1194 3499 1265 3579 iure

271 3575 360 3660 polle
374 3575 520 3641 damnare
542 3575 765 3652 innocentem,
792 3573 918 3657 quando
943 3573 1008 3640 hoc
1027 3575 1129 3659 ipsum
1148 3580 1201 3664 jus
1219 3578 1265 3646 fa·

268 3676 346 3725 cere
370 3671 508 3744 poterat.
558 3653 719 3724 Nimirum
745 3656 799 3749 qui
829 3657 905 3724 talia
928 3657 1076 3724 excidere
1105 3657 1160 3727 libi
1186 3663 1263 3746 palli

267 3740 367 3823 sunt,
387 3758 452 3806 nou
468 3736 641 3804 distinxere
663 3735 814 3818 justinam
831 3739 870 3803 ab
886 3745 1058 3807 tetenstete,
1102 3740 1194 3812 Deus
1220 3747 1266 3812 οι)

269 3825 424 3894 summam
438 3824 470 3889 in
484 3822 591 3901 omnia
604 3817 793 3908 potestatem
807 3819 854 3888 est
873 3824 1066 3906 olmrvtvreq
1087 3845 1182 3910 quum
1200 3847 1266 3895 nec

266 3911 365 3994 cogi,
388 3925 447 3973 uec
464 3906 566 3993 puniri
608 3902 695 3981 ollit,
720 3922 820 3988 neque
836 3906 1012 3973 rationibus
1032 3910 1175 3995 cuiquam
1189 3905 1265 3977 red'-

271 3992 382 4058 dendis
396 3991 556 4055 obnoxius
585 4004 630 4054 rt:
655 3983 706 4051 sed
722 3987 766 4051 ob
780 3984 934 4073 justitiam
950 3993 993 4056 ita
1009 3995 1095 4079 agit,
1118 4008 1153 4059 ut
1168 3995 1267 4062 omni

266 4070 446 4153 satisfaciat
462 4071 614 4160 sapienti,
639 4071 671 4136 u
685 4070 772 4156 quod
789 4070 943 4140 summurn
960 4072 1025 4157 est,
1047 4075 1115 4147 uni.

1203 4181 1268 4253 DQ*

299 4292 332 4368 ί.
344 4296 463 4369 xit-ur>
477 4298 593 4367 DeJau
607 4298 981 4376 Bell.ct1uu,l³nlm§.
995 4308 1062 4375 rut
1078 4352 1082 4359 .
