3034 5509
315 631 372 689 nn
404 609 504 690 stu.
537 609 831 688 Punnuuonn.
865 609 959 689 Lrn.
983 610 1013 690 Ι.
1083 635 1162 716 935

85 858 91 869 .
164 802 218 864 gre
238 786 300 862 post
320 789 505 850 vehementes
521 789 608 848 mimi
621 787 722 857 luctas,
758 799 806 852 tut
821 788 973 864 impotenti
986 792 1041 862 iam
1063 791 1159 853 fervo·
1234 805 1236 808 ’

165 882 199 922 re
214 880 391 936 emeatus,
413 865 563 924 sustinebit.
599 867 628 925 Si
643 864 707 936 justi
724 866 865 934 hominis,
881 865 998 924 testante
1016 871 1156 939 Auctore,

163 957 214 1000 nm
221 955 307 1016 pauca
322 943 433 1018 possunt
451 941 505 1000 eise
520 961 570 1017 pet
586 943 776 1000 infirmitatem
792 943 904 1000 adiubes
919 939 1036 1016 irrjustoe:
1059 946 1153 1005 era·

162 1019 226 1087 uid,
251 1021 392 1092 Propheta
407 1019 540 1092 quidem,
561 1035 593 1075 ac
606 1023 652 1076 vir
667 1017 806 1094 secundum
821 1037 867 1081 ,cnr
888 1020 961 1088 Dei,
981 1033 1062 1094 turpe
1077 1022 1157 1079 adui-

150 1098 282 1165 terium,
303 1097 465 1167 caedeurque
487 1096 601 1164 impiam
622 1097 803 1154 committere
827 1099 935 1170 potuit:
968 1113 1016 1154 cut
1037 1099 1156 1167 iniustus

160 1170 273 1246 houm,
292 1187 341 1232 aut
353 1174 403 1247 qui
418 1170 481 1228 viiii
500 1171 616 1241 alicujus
632 1172 757 1229 babitunr
777 1173 936 1241 contraxit,
956 1175 1053 1247 piures
1070 1175 1155 1233 aitio-

161 1265 213 1307 net
226 1248 326 1317 jutius,
348 1264 402 1322 pre
422 1249 527 1305 ratibus
546 1249 668 1320 agnitus,
691 1265 796 1320 easque
821 1262 852 1305 ut
875 1248 960 1319 teies,
982 1251 1074 1321 iacere
1094 1267 1154 1309 non

160 1324 269 1384 valeat:
293 1329 331 1380 ite
351 1337 380 1382 ut
397 1325 454 1380 boc
470 1323 593 1393 respessu
611 1326 703 1399 aiiqur
721 1325 769 1398 ipii
784 1325 888 1395 jusiitia
911 1322 1031 1383 adtribui
1048 1326 1153 1399 possit²

158 1401 226 1459 Hoc
242 1402 338 1460 saitem
360 1397 590 1469 defidernndutn,
612 1403 690 1476 quod
711 1417 779 1459 tunc
803 1397 950 1477 irnperfeiia
973 1415 1081 1459 tanturn
1097 1415 1154 1476 pto·

155 1479 229 1534 bitus
255 1476 304 1545 iit;
338 1476 553 1550 periculumque
582 1480 746 1545 immineat,
775 1494 832 1546 ne,
874 1482 953 1551 quod
980 1480 1028 1534 usu
1053 1480 1153 1538 uenire

158 1554 248 1618 soiet,
270 1551 411 1626 ejusmodi
428 1552 559 1609 homines
580 1555 704 1614 ervitio
723 1556 750 1610 in
767 1555 866 1612 vitium
883 1553 980 1611 senum
1003 1556 1154 1626 prolaban-

158 1641 223 1700 tur,
242 1647 275 1687 ac
295 1645 408 1686 omnent
426 1626 551 1701 denique
572 1633 684 1688 virtutis
706 1629 767 1688 fere
791 1629 896 1688 sensum
917 1634 1054 1690 amittunt.
1096 1632 1154 1688 Vc·

157 1720 221 1764 runt
236 1722 294 1763 non
312 1703 378 1762 ideo
392 1703 600 1764 confundendo
616 1707 729 1764 dirersae
742 1707 825 1771 ideae3
845 1724 894 1765 aut
909 1705 1085 1780 {opponendi
1098 1707 1167 1776 bo-¹

155 1785 249 1839 mines
264 1782 436 1846 deteriores,
459 1796 492 1838 ac
509 1799 608 1840 revera
622 1784 692 1842 sunt.
722 1786 818 1842 'santa
834 1788 939 1860 quippe
951 1780 1005 1849 est,
1027 1785 1151 1841 maxime

154 1858 266 1915 tutione
282 1857 486 1915 nounuiiorum
509 1856 690 1930 officiorum,
713 1860 825 1918 virturis
842 1859 988 1926 venustas,
1012 1859 1149 1932 tantaque

154 1935 216 2003 ejus
231 1933 273 1990 vit
288 1936 316 1989 in
334 1932 444 1990 animos
464 1933 631 2003 bominum,
654 1952 683 1992 ut
707 1935 726 1990 ii
741 1951 857 2004 omnes,
878 1937 928 2011 qui
951 1934 1085 2008 tantisper
1106 1953 1149 1993 ra·

151 2012 233 2082 tione
251 2021 386 2075 utuntur,
412 2022 499 2084 etque
519 2011 593 2068 iuter
617 2025 740 2068 moratas
764 2025 864 2082 gentes
887 2013 1008 2084 degunt,
1032 2028 1088 2080 ca,
1107 2012 1149 2071 fin
1211 2020 1214 2025 '

151 2088 245 2143 minus
266 2085 341 2157 boc,
366 2082 462 2144 saltem
485 2086 576 2145 nitero
597 2088 684 2144 modo
707 2087 802 2160 peiiici
819 2088 937 2146 soieaut.
977 2089 1039 2144 imo
1054 2086 1149 2148 homi·

151 2177 203 2221 nes
231 2163 315 2219 certis
336 2160 551 2232 audiuimus,
574 2164 647 2235 ipsos
668 2164 703 2220 ad
725 2177 864 2237 precepta
886 2162 1014 2234 justitio,
1034 2166 1148 2223 rarione

151 2236 314 2296 officiorum
330 2237 532 2308 cupiditatibus
554 2241 607 2297 suis
623 2239 821 2310 adversorum,
841 2241 1032 2312 proculcaudr
1050 2240 1148 2296 couci·

149 2316 292 2383 tentibus,
305 2311 448 2370 interdum
467 2331 503 2368 eo
518 2319 678 2386 promptius
694 2315 720 2371 in
737 2317 798 2371 aitis
811 2318 884 2386 juste
900 2331 983 2378 attere
999 2313 1144 2384 satagunt,

148 2390 246 2464 quod,
274 2390 384 2445 turbate
409 2388 526 2446 subinde
548 2391 725 2448 conscientie
751 2391 890 2448 motfibus
912 2388 959 2446 iiia
980 2386 1145 2459 securitate,

146 2483 206 2542 qua
224 2465 334 2539 piacula
352 2463 565 2522 dominantibus
587 2466 641 2523 suis
664 2467 738 2523 vitiis
761 2464 921 2524 conformia
942 2465 1146 2537 committunt,

143 2542 311 2618 expiaturos
331 2539 358 2596 se
373 2555 408 2596 ea
428 2553 589 2614 utcunque,
619 2540 748 2601 strictiori
770 2540 932 2601 officiorum
966 2542 1148 2617 cupidinibus

147 2619 203 2680 suis
218 2618 295 2678 baud
310 2621 528 2692 repugnantium
545 2616 768 2692 observatione,
789 2616 961 2679 existiment.

547 2738 784 2846 turris

184 2923 299 3006 Juflitr'n
313 2938 399 2985 autem
410 2936 536 3000 pretereo
555 2927 675 2983 inuoluat
694 2923 849 3004 repentem]
873 2931 926 2997 tit,
952 2929 1032 2998 iuxta
1054 2928 1141 3003 ipsam

144 3005 276 3065 Aniioris
295 3004 506 3069 definitionem,
530 3020 627 3060 noune
648 3007 711 3061 bnnu
723 3005 790 3062 attio
806 3007 890 3061 etiam
914 3005 1053 3074 objectum
1071 3023 1140 3064 con·

144 3085 263 3139 veniens
282 3081 426 3137 invoivit?
448 3081 520 3136 Vide
537 3079 616 3151 supra
634 3080 667 3136 ad
682 3082 706 3154 i.
727 3099 770 3138 rr.
791 3095 842 3138 not.
865 3098 890 3137 2.
922 3081 1029 3149 Porro,
1053 3091 1140 3156 prout

141 3159 273 3231 justitiam
302 3154 428 3227 dividit,
454 3157 569 3213 videtur
589 3169 698 3215 tanturn
727 3160 791 3214 aiios
814 3158 926 3214 domines
944 3175 997 3227 pro
1023 3158 1138 3228 objecto

142 3237 272 3304 ejusdem
294 3234 407 3290 babere.
457 3232 549 3290 Satius
567 3233 660 3290 fuisset
679 3236 756 3292 bonor
774 3235 884 3293 aiiinnes
904 3235 1075 3304 ditiinguere
1094 3235 1137 3291 se·

140 3312 266 3370 cundum
283 3309 478 3378 boontem,
499 3326 640 3383 ergaque
656 3314 784 3369 exerceri
798 3312 926 3384 possunt,
950 3308 1037 3364 Deum
1058 3325 1137 3365 nern-

141 3406 195 3464 pe,
217 3389 281 3445 aiios
298 3387 426 3451 homines,
448 3386 473 3442 dt
492 3399 588 3443 nosmet
602 3384 675 3461 ipfirt.
711 3387 804 3457 (Vide
818 3388 843 3460 s.
869 3401 911 3453 13.
932 3396 988 3455 cap.
1000 3381 1080 3458 seq.)
1099 3383 1138 3440 ΙΙ·

143 3466 194 3531 le,
217 3481 279 3537 quae
295 3463 330 3516 ad
344 3463 429 3518 Deum
445 3459 614 3520 reseruntur.
636 3463 866 3533 Pitumnum
881 3460 989 3515 adaiios
1004 3460 1134 3529 homines,

140 3542 308 3615 Jusrrtrrnr
332 3555 393 3610 quae
414 3552 483 3594 vero
513 3537 617 3595 directe
643 3538 677 3594 ad
698 3535 844 3614 nosipsos,
874 3535 1064 3594 Moderationis
1085 3549 1137 3596 aun

140 3618 374 3674 Ttmrtnnrrrrnt
387 3613 529 3671 vocabulo
548 3614 840 3692 comprehenduntur.
881 3615 949 3671 Haee
964 3613 1086 3684 divisio,
1102 3623 1135 3672 nt

140 3691 334 3765 fiiupiiciffima
351 3707 382 3746 ac
402 3689 549 3749 facillima:
571 3693 609 3750 ita
623 3709 741 3767 quoque
757 3690 943 3763 receptiiiinm
960 3692 1015 3756 eit,
1037 3707 1071 3748 ac
1086 3705 1136 3747 an·

137 3768 301 3846 tiquiffirrra.
321 3766 397 3827 Vide
411 3767 447 3827 ad
468 3766 494 3842 J·
514 3769 555 3829 Ν.
571 3773 597 3826 bt
616 3772 651 3830 G.
672 3773 719 3830 iii.
740 3768 778 3828 tt.
797 3782 856 3844 cap.
872 3785 899 3841 3.
918 3769 944 3845 s.
966 3784 1012 3841 24.
1033 3778 1087 3827 nrt.
1106 3783 1137 3828 t.

550 3920 577 3998 ς.
616 3920 730 3982 xrv.

112 4072 114 4075 ’
179 4078 287 4161 Quintio
307 4077 468 4155 quodcunque
487 4073 600 4152 officim
618 4089 752 4137 exercetur
771 4095 836 4156 erge
854 4076 933 4144 eiius,
958 4073 1054 4152 etium]
1077 4073 1133 4134 litu
1182 4156 1184 4161 .

141 4155 223 4225 sunt,
246 4176 305 4230 quae
324 4175 380 4212 non
395 4156 572 4216 absolutead
594 4156 837 4215 conservationem
860 4153 976 4212 humani
1000 4152 1129 4226 generis,

139 4243 192 4291 aut
209 4231 439 4295 sustentationem
454 4232 597 4297 societatis
608 4235 739 4383 mnf
758 4236 787 4293 in
803 4230 964 4314 uuiversum
985 4232 1135 4366 [equiffi

1121 4343 1135 4374 2
