<?xml version="1.0" encoding="UTF-8"?>
<!DOCTYPE html PUBLIC "-//W3C//DTD XHTML 1.0 Transitional//EN"
    "http://www.w3.org/TR/xhtml1/DTD/xhtml1-transitional.dtd">
<html xmlns="http://www.w3.org/1999/xhtml" xml:lang="en" lang="en">
 <head>
  <title>
</title>
<meta http-equiv="Content-Type" content="text/html;charset=utf-8" />
  <meta name='ocr-system' content='tesseract 3.04.00' />
  <meta name='ocr-capabilities' content='ocr_page ocr_carea ocr_par ocr_line ocrx_word'/>
</head>
<body>
  <div class='ocr_page' id='page_1' title='image "./spufendorfiideo00pufegoog_0467.png"; bbox 0 0 3034 5509; ppageno 0'>
   <div class='ocr_carea' id='block_1_1' title="bbox 250 629 1162 742">
    <p class='ocr_par' dir='ltr' id='par_1_1' title="bbox 250 606 1162 742">
     <span class='ocr_line' id='line_1_1' title="bbox 250 629 1162 742; baseline 0.032 -36"><span class='ocrx_word' id='word_1_1' title='bbox 250 656 343 721; x_wconf 87' lang='lat' dir='ltr'>euu</span> <span class='ocrx_word' id='word_1_2' title='bbox 366 634 599 742; x_wconf 74' lang='lat' dir='ltr'>durrrtuv.</span> <span class='ocrx_word' id='word_1_3' title='bbox 623 633 704 715; x_wconf 88' lang='lat' dir='ltr'>Du.</span> <span class='ocrx_word' id='word_1_4' title='bbox 731 629 792 730; x_wconf 86' lang='lat' dir='ltr'>J0·</span> <span class='ocrx_word' id='word_1_5' title='bbox 817 632 1037 723; x_wconf 63' lang='lat' dir='ltr'>Binum·</span> <span class='ocrx_word' id='word_1_6' title='bbox 1086 657 1162 736; x_wconf 82' lang='lat'>997</span> 
     </span>
    </p>
   </div>
   <div class='ocr_carea' id='block_1_2' title="bbox 93 807 1222 4303">
    <p class='ocr_par' dir='ltr' id='par_1_2' title="bbox 158 807 1153 1186">
     <span class='ocr_line' id='line_1_2' title="bbox 164 807 1153 883; baseline 0.008 -19"><span class='ocrx_word' id='word_1_7' title='bbox 164 819 229 865; x_wconf 86' lang='lat' dir='ltr'>mus</span> <span class='ocrx_word' id='word_1_8' title='bbox 246 807 338 883; x_wconf 81' lang='lat' dir='ltr'>legum</span> <span class='ocrx_word' id='word_1_9' title='bbox 356 813 522 872; x_wconf 75' lang='lat' dir='ltr'>naturalium</span> <span class='ocrx_word' id='word_1_10' title='bbox 539 813 658 882; x_wconf 82' lang='lat' dir='ltr'>Auilor,</span> <span class='ocrx_word' id='word_1_11' title='bbox 679 811 823 883; x_wconf 85' lang='lat' dir='ltr'>supremus</span> <span class='ocrx_word' id='word_1_12' title='bbox 841 813 960 871; x_wconf 82' lang='lat' dir='ltr'>univerfi</span> <span class='ocrx_word' id='word_1_13' title='bbox 979 814 1085 874; x_wconf 80' lang='lat' dir='ltr'>Reiior</span> <span class='ocrx_word' id='word_1_14' title='bbox 1101 817 1153 878; x_wconf 89' lang='lat' dir='ltr'>im·</span> 
     </span>
     <span class='ocr_line' id='line_1_3' title="bbox 165 882 1152 961; baseline 0.01 -22"><span class='ocrx_word' id='word_1_15' title='bbox 165 882 298 954; x_wconf 73' lang='lat' dir='ltr'>posuerit.</span> <span class='ocrx_word' id='word_1_16' title='bbox 348 890 418 945; x_wconf 86' lang='lat' dir='ltr'>Utra</span> <span class='ocrx_word' id='word_1_17' title='bbox 439 890 511 959; x_wconf 84' lang='lat' dir='ltr'>jam,</span> <span class='ocrx_word' id='word_1_18' title='bbox 537 889 648 961; x_wconf 72' lang='lat' dir='ltr'>quaeso,</span> <span class='ocrx_word' id='word_1_19' title='bbox 675 890 789 949; x_wconf 83' lang='lat' dir='ltr'>moralis</span> <span class='ocrx_word' id='word_1_20' title='bbox 809 889 933 947; x_wconf 82' lang='lat' dir='ltr'>doftriua</span> <span class='ocrx_word' id='word_1_21' title='bbox 954 891 1052 961; x_wconf 87' lang='lat' dir='ltr'>purior</span> <span class='ocrx_word' id='word_1_22' title='bbox 1066 890 1152 950; x_wconf 86' lang='lat' dir='ltr'>&#39;ride-</span> 
     </span>
     <span class='ocr_line' id='line_1_4' title="bbox 161 962 1149 1040; baseline 0.012 -26"><span class='ocrx_word' id='word_1_23' title='bbox 161 971 225 1025; x_wconf 91' lang='lat' dir='ltr'>tur,</span> <span class='ocrx_word' id='word_1_24' title='bbox 255 962 401 1033; x_wconf 79' lang='lat' dir='ltr'><strong>nobilior,</strong></span> <span class='ocrx_word' id='word_1_25' title='bbox 427 965 655 1038; x_wconf 82' lang='lat' dir='ltr'>prudentumque</span> <span class='ocrx_word' id='word_1_26' title='bbox 677 966 849 1036; x_wconf 74' lang='lat' dir='ltr'>gentilium,</span> <span class='ocrx_word' id='word_1_27' title='bbox 876 966 926 1038; x_wconf 84' lang='lat' dir='ltr'>qui</span> <span class='ocrx_word' id='word_1_28' title='bbox 954 981 1007 1023; x_wconf 88' lang='lat' dir='ltr'>ram</span> <span class='ocrx_word' id='word_1_29' title='bbox 1035 969 1149 1040; x_wconf 77' lang='lat' dir='ltr'>egreuie</span> 
     </span>
     <span class='ocr_line' id='line_1_5' title="bbox 158 1034 1147 1115; baseline 0.015 -27"><span class='ocrx_word' id='word_1_30' title='bbox 158 1035 236 1091; x_wconf 88' lang='lat' dir='ltr'>inter</span> <span class='ocrx_word' id='word_1_31' title='bbox 257 1034 385 1105; x_wconf 75' lang='lat' dir='ltr'>lunellum</span> <span class='ocrx_word' id='word_1_32' title='bbox 403 1039 430 1096; x_wconf 84' lang='lat' dir='ltr'>lit</span> <span class='ocrx_word' id='word_1_33' title='bbox 451 1043 514 1098; x_wconf 88' lang='lat' dir='ltr'>urile</span> <span class='ocrx_word' id='word_1_34' title='bbox 531 1039 731 1105; x_wconf 79' lang='lat' dir='ltr'>distinxerunt,</span> <span class='ocrx_word' id='word_1_35' title='bbox 761 1041 905 1100; x_wconf 77' lang='lat' dir='ltr'>sententiis</span> <span class='ocrx_word' id='word_1_36' title='bbox 922 1041 1008 1115; x_wconf 77' lang='lat' dir='ltr'>magis</span> <span class='ocrx_word' id='word_1_37' title='bbox 1030 1047 1147 1103; x_wconf 89' lang='lat' dir='ltr'>consen·</span> 
     </span>
     <span class='ocr_line' id='line_1_6' title="bbox 159 1111 1144 1186; baseline 0.01 -20"><span class='ocrx_word' id='word_1_38' title='bbox 159 1111 271 1171; x_wconf 76' lang='lat' dir='ltr'>tanea?</span> <span class='ocrx_word' id='word_1_39' title='bbox 299 1114 335 1173; x_wconf 87' lang='lat' dir='ltr'>flr</span> <span class='ocrx_word' id='word_1_40' title='bbox 357 1133 412 1186; x_wconf 84' lang='lat' dir='ltr'>qua</span> <span class='ocrx_word' id='word_1_41' title='bbox 441 1118 551 1173; x_wconf 86' lang='lat' dir='ltr'>ratione</span> <span class='ocrx_word' id='word_1_42' title='bbox 578 1132 655 1174; x_wconf 89' lang='lat' dir='ltr'>nunc</span> <span class='ocrx_word' id='word_1_43' title='bbox 675 1116 821 1186; x_wconf 78' lang='lat' dir='ltr'>Anonymi</span> <span class='ocrx_word' id='word_1_44' title='bbox 844 1118 1011 1173; x_wconf 75' lang='lat' dir='ltr'>concilietur</span> <span class='ocrx_word' id='word_1_45' title='bbox 1031 1121 1144 1178; x_wconf 85' lang='lat' dir='ltr'>ratioci-</span> 
     </span>
    </p>

    <p class='ocr_par' dir='ltr' id='par_1_3' title="bbox 152 1187 1162 1343">
     <span class='ocr_line' id='line_1_7' title="bbox 155 1187 1162 1273; baseline 0.013 -33"><span class='ocrx_word' id='word_1_46' title='bbox 155 1187 254 1253; x_wconf 83' lang='lat' dir='ltr'>nium,</span> <span class='ocrx_word' id='word_1_47' title='bbox 275 1207 338 1246; x_wconf 89' lang='lat' dir='ltr'>cum</span> <span class='ocrx_word' id='word_1_48' title='bbox 355 1193 403 1257; x_wconf 85' lang='lat' dir='ltr'>ils,</span> <span class='ocrx_word' id='word_1_49' title='bbox 425 1209 486 1266; x_wconf 82' lang='lat' dir='ltr'>quaa</span> <span class='ocrx_word' id='word_1_50' title='bbox 507 1193 571 1249; x_wconf 87' lang='lat' dir='ltr'>lreic</span> <span class='ocrx_word' id='word_1_51' title='bbox 584 1190 692 1247; x_wconf 86' lang='lat' dir='ltr'>habet:</span> <span class='ocrx_word' id='word_1_52' title='bbox 719 1191 779 1249; x_wconf 89' lang='lat' dir='ltr'>dari</span> <span class='ocrx_word' id='word_1_53' title='bbox 795 1207 896 1264; x_wconf 86' lang='lat' dir='ltr'>nempe</span> <span class='ocrx_word' id='word_1_54' title='bbox 916 1195 1039 1267; x_wconf 84' lang='lat' dir='ltr'>quendum</span> <span class='ocrx_word' id='word_1_55' title='bbox 1060 1196 1162 1273; x_wconf 61' lang='lat' dir='ltr'>‘furit</span> 
     </span>
     <span class='ocr_line' id='line_1_8' title="bbox 152 1259 1140 1343; baseline 0.015 -27"><span class='ocrx_word' id='word_1_56' title='bbox 152 1259 271 1320; x_wconf 82' lang='lat' dir='ltr'>Nature</span> <span class='ocrx_word' id='word_1_57' title='bbox 281 1268 411 1338; x_wconf 67' lang='lat' dir='ltr'>gamon,</span> <span class='ocrx_word' id='word_1_58' title='bbox 438 1271 575 1342; x_wconf 80' lang='lat' dir='ltr'>quietiora</span> <span class='ocrx_word' id='word_1_59' title='bbox 598 1267 668 1341; x_wconf 81' lang='lat' dir='ltr'>opud</span> <span class='ocrx_word' id='word_1_60' title='bbox 683 1268 797 1324; x_wconf 82' lang='lat' dir='ltr'>Atlrerrrn</span> <span class='ocrx_word' id='word_1_61' title='bbox 819 1270 906 1325; x_wconf 82' lang='lat' dir='ltr'>ualere</span> <span class='ocrx_word' id='word_1_62' title='bbox 917 1265 1005 1343; x_wconf 82' lang='lat' dir='ltr'>poffit:</span> <span class='ocrx_word' id='word_1_63' title='bbox 1025 1259 1140 1331; x_wconf 76' lang='lat' dir='ltr'>or&#39;tnira</span> 
     </span>
    </p>

    <p class='ocr_par' dir='ltr' id='par_1_4' title="bbox 152 1340 1141 1421">
     <span class='ocr_line' id='line_1_9' title="bbox 152 1340 1141 1421; baseline 0.011 -24"><span class='ocrx_word' id='word_1_64' title='bbox 152 1353 273 1413; x_wconf 81' lang='lat' dir='ltr'>quoque</span> <span class='ocrx_word' id='word_1_65' title='bbox 294 1345 318 1413; x_wconf 66' lang='lat'>5.</span> <span class='ocrx_word' id='word_1_66' title='bbox 343 1363 350 1399; x_wconf 93' lang='lat' dir='ltr'>r</span> <span class='ocrx_word' id='word_1_67' title='bbox 358 1361 383 1413; x_wconf 75' lang='grc' dir='ltr'>ς.</span> <span class='ocrx_word' id='word_1_68' title='bbox 405 1340 466 1417; x_wconf 85' lang='lat' dir='ltr'>fore</span> <span class='ocrx_word' id='word_1_69' title='bbox 482 1349 590 1420; x_wconf 83' lang='lat' dir='ltr'>aliquam</span> <span class='ocrx_word' id='word_1_70' title='bbox 615 1348 758 1401; x_wconf 84' lang='lat' dir='ltr'>notrrrrlem</span> <span class='ocrx_word' id='word_1_71' title='bbox 780 1346 976 1418; x_wconf 69' lang='lat' dir='ltr'>obligationem,</span> <span class='ocrx_word' id='word_1_72' title='bbox 1004 1345 1048 1421; x_wconf 80' lang='lat' dir='ltr'>etfi</span> <span class='ocrx_word' id='word_1_73' title='bbox 1065 1348 1141 1407; x_wconf 83' lang='lat' dir='ltr'>darr-</span> 
     </span>
    </p>

    <p class='ocr_par' dir='ltr' id='par_1_5' title="bbox 150 1415 1143 1498">
     <span class='ocr_line' id='line_1_10' title="bbox 150 1415 1143 1498; baseline 0.014 -30"><span class='ocrx_word' id='word_1_74' title='bbox 150 1422 215 1479; x_wconf 86' lang='lat' dir='ltr'>tur,</span> <span class='ocrx_word' id='word_1_75' title='bbox 236 1415 322 1474; x_wconf 83' lang='lat' dir='ltr'>Deum</span> <span class='ocrx_word' id='word_1_76' title='bbox 340 1422 437 1477; x_wconf 84' lang='lat' dir='ltr'>nullum</span> <span class='ocrx_word' id='word_1_77' title='bbox 450 1419 522 1495; x_wconf 72' lang='lat' dir='ltr'>effi?</span> <span class='ocrx_word' id='word_1_78' title='bbox 541 1423 569 1477; x_wconf 86' lang='lat' dir='ltr'>Si</span> <span class='ocrx_word' id='word_1_79' title='bbox 587 1422 642 1478; x_wconf 90' lang='lat' dir='ltr'>ulla</span> <span class='ocrx_word' id='word_1_80' title='bbox 656 1437 778 1492; x_wconf 87' lang='lat' dir='ltr'>unquam</span> <span class='ocrx_word' id='word_1_81' title='bbox 799 1420 868 1490; x_wconf 90' lang='lat' dir='ltr'>fult,</span> <span class='ocrx_word' id='word_1_82' title='bbox 891 1421 954 1478; x_wconf 83' lang='lat' dir='ltr'>sane</span> <span class='ocrx_word' id='word_1_83' title='bbox 974 1421 1032 1480; x_wconf 81' lang='lat' dir='ltr'>lraec</span> <span class='ocrx_word' id='word_1_84' title='bbox 1047 1425 1143 1498; x_wconf 87' lang='lat' dir='ltr'>palpa·</span> 
     </span>
    </p>

    <p class='ocr_par' dir='ltr' id='par_1_6' title="bbox 153 1488 1141 1571">
     <span class='ocr_line' id='line_1_11' title="bbox 153 1488 1141 1571; baseline 0.014 -27"><span class='ocrx_word' id='word_1_85' title='bbox 153 1488 220 1546; x_wconf 84' lang='lat' dir='ltr'>bitis</span> <span class='ocrx_word' id='word_1_86' title='bbox 237 1495 356 1551; x_wconf 87' lang='lat' dir='ltr'>omuino</span> <span class='ocrx_word' id='word_1_87' title='bbox 376 1499 415 1552; x_wconf 84' lang='lat' dir='ltr'>eli.</span> <span class='ocrx_word' id='word_1_88' title='bbox 438 1495 631 1555; x_wconf 71' lang='lat' dir='ltr'>contradictio.</span> <span class='ocrx_word' id='word_1_89' title='bbox 679 1498 723 1554; x_wconf 86' lang='lat' dir='ltr'>Ex</span> <span class='ocrx_word' id='word_1_90' title='bbox 743 1512 804 1568; x_wconf 84' lang='lat' dir='ltr'>quo</span> <span class='ocrx_word' id='word_1_91' title='bbox 825 1500 899 1556; x_wconf 84' lang='lat' dir='ltr'>enim</span> <span class='ocrx_word' id='word_1_92' title='bbox 918 1497 1061 1571; x_wconf 80' lang='lat' dir='ltr'>posueris,</span> <span class='ocrx_word' id='word_1_93' title='bbox 1090 1501 1141 1558; x_wconf 87' lang='lat' dir='ltr'>ali-</span> 
     </span>
    </p>

    <p class='ocr_par' dir='ltr' id='par_1_7' title="bbox 150 1569 1137 1650">
     <span class='ocr_line' id='line_1_12' title="bbox 150 1569 1137 1650; baseline 0.009 -28"><span class='ocrx_word' id='word_1_94' title='bbox 150 1581 238 1634; x_wconf 83' lang='lat' dir='ltr'>quam</span> <span class='ocrx_word' id='word_1_95' title='bbox 266 1569 342 1639; x_wconf 83' lang='lat' dir='ltr'>posse</span> <span class='ocrx_word' id='word_1_96' title='bbox 364 1571 640 1649; x_wconf 74' lang='lat' dir='ltr'>elie-obligationem,</span> <span class='ocrx_word' id='word_1_97' title='bbox 665 1575 780 1646; x_wconf 76' lang='lat' dir='ltr'>proprie</span> <span class='ocrx_word' id='word_1_98' title='bbox 802 1570 839 1629; x_wconf 82' lang='lat' dir='ltr'>fic</span> <span class='ocrx_word' id='word_1_99' title='bbox 860 1571 984 1636; x_wconf 78' lang='lat' dir='ltr'>diflam;</span> <span class='ocrx_word' id='word_1_100' title='bbox 1014 1575 1137 1650; x_wconf 76' lang='lat' dir='ltr'>aliquam</span> 
     </span>
    </p>

    <p class='ocr_par' dir='ltr' id='par_1_8' title="bbox 148 1644 1139 1724">
     <span class='ocr_line' id='line_1_13' title="bbox 148 1644 1139 1724; baseline 0.005 -21"><span class='ocrx_word' id='word_1_101' title='bbox 148 1644 342 1704; x_wconf 78' lang='lat' dir='ltr'>neceffirarern</span> <span class='ocrx_word' id='word_1_102' title='bbox 365 1647 422 1706; x_wconf 85' lang='lat' dir='ltr'>boc</span> <span class='ocrx_word' id='word_1_103' title='bbox 443 1650 489 1704; x_wconf 79' lang='lat' dir='ltr'>rel</span> <span class='ocrx_word' id='word_1_104' title='bbox 511 1650 562 1706; x_wconf 90' lang='lat' dir='ltr'>illo</span> <span class='ocrx_word' id='word_1_105' title='bbox 576 1647 665 1708; x_wconf 90' lang='lat' dir='ltr'>modo</span> <span class='ocrx_word' id='word_1_106' title='bbox 681 1647 801 1720; x_wconf 80' lang='lat' dir='ltr'>agendi,</span> <span class='ocrx_word' id='word_1_107' title='bbox 824 1662 871 1705; x_wconf 90' lang='lat' dir='ltr'>aut</span> <span class='ocrx_word' id='word_1_108' title='bbox 886 1665 943 1705; x_wconf 88' lang='lat' dir='ltr'>nou</span> <span class='ocrx_word' id='word_1_109' title='bbox 962 1652 1076 1724; x_wconf 78' lang='lat' dir='ltr'>agendi.</span> <span class='ocrx_word' id='word_1_110' title='bbox 1099 1651 1139 1708; x_wconf 91' lang='lat' dir='ltr'>al-</span> 
     </span>
    </p>

    <p class='ocr_par' dir='ltr' id='par_1_9' title="bbox 149 1723 1139 1799">
     <span class='ocr_line' id='line_1_14' title="bbox 149 1723 1139 1799; baseline 0.017 -30"><span class='ocrx_word' id='word_1_111' title='bbox 149 1727 212 1774; x_wconf 79' lang='lat' dir='ltr'>tera</span> <span class='ocrx_word' id='word_1_112' title='bbox 229 1735 285 1777; x_wconf 90' lang='lat' dir='ltr'>non</span> <span class='ocrx_word' id='word_1_113' title='bbox 307 1723 394 1781; x_wconf 89' lang='lat' dir='ltr'>solum</span> <span class='ocrx_word' id='word_1_114' title='bbox 421 1727 493 1793; x_wconf 87' lang='lat' dir='ltr'>vira,</span> <span class='ocrx_word' id='word_1_115' title='bbox 530 1723 624 1783; x_wconf 85' lang='lat' dir='ltr'>sed&amp;</span> <span class='ocrx_word' id='word_1_116' title='bbox 650 1723 709 1796; x_wconf 89' lang='lat' dir='ltr'>ipso</span> <span class='ocrx_word' id='word_1_117' title='bbox 723 1723 789 1782; x_wconf 79' lang='lat' dir='ltr'>Deo</span> <span class='ocrx_word' id='word_1_118' title='bbox 805 1740 861 1783; x_wconf 88' lang='lat' dir='ltr'>nou</span> <span class='ocrx_word' id='word_1_119' title='bbox 882 1723 1033 1786; x_wconf 77' lang='lat' dir='ltr'>exiliente:</span> <span class='ocrx_word' id='word_1_120' title='bbox 1053 1724 1139 1799; x_wconf 72' lang='lat' dir='ltr'>effide</span> 
     </span>
    </p>

    <p class='ocr_par' dir='ltr' id='par_1_10' title="bbox 145 1799 1222 2105">
     <span class='ocr_line' id='line_1_15' title="bbox 148 1799 1222 1893; baseline 0.014 -47"><span class='ocrx_word' id='word_1_121' title='bbox 148 1799 262 1877; x_wconf 68' lang='lat' dir='ltr'>orauit.</span> <span class='ocrx_word' id='word_1_122' title='bbox 292 1812 475 1874; x_wconf 70' lang='lat' dir='ltr'>praeterquam</span> <span class='ocrx_word' id='word_1_123' title='bbox 498 1799 560 1869; x_wconf 87' lang='lat' dir='ltr'>illa,</span> <span class='ocrx_word' id='word_1_124' title='bbox 590 1819 653 1876; x_wconf 76' lang='lat' dir='ltr'>qua</span> <span class='ocrx_word' id='word_1_125' title='bbox 675 1800 793 1856; x_wconf 85' lang='lat' dir='ltr'>Numen</span> <span class='ocrx_word' id='word_1_126' title='bbox 822 1799 908 1871; x_wconf 91' lang='lat' dir='ltr'>ipsum</span> <span class='ocrx_word' id='word_1_127' title='bbox 931 1801 1033 1859; x_wconf 79' lang='lat' dir='ltr'>dtreue</span> <span class='ocrx_word' id='word_1_128' title='bbox 1055 1806 1222 1893; x_wconf 51' lang='lat' dir='ltr'>rupi-s*</span> 
     </span>
     <span class='ocr_line' id='line_1_16' title="bbox 146 1871 1136 1949; baseline 0.017 -28"><span class='ocrx_word' id='word_1_129' title='bbox 146 1883 243 1938; x_wconf 87' lang='lat' dir='ltr'>crunt,</span> <span class='ocrx_word' id='word_1_130' title='bbox 266 1871 360 1933; x_wconf 85' lang='lat' dir='ltr'>locum</span> <span class='ocrx_word' id='word_1_131' title='bbox 383 1878 541 1947; x_wconf 73' lang='lat' dir='ltr'>reperieutr</span> <span class='ocrx_word' id='word_1_132' title='bbox 568 1894 631 1935; x_wconf 89' lang='lat' dir='ltr'>cum</span> <span class='ocrx_word' id='word_1_133' title='bbox 660 1875 764 1933; x_wconf 86' lang='lat' dir='ltr'>srueula</span> <span class='ocrx_word' id='word_1_134' title='bbox 792 1877 960 1945; x_wconf 67' lang='lat' dir='ltr'>agnoscente</span> <span class='ocrx_word' id='word_1_135' title='bbox 979 1881 1136 1949; x_wconf 84' lang='lat' dir='ltr'>Anonyrno</span> 
     </span>
     <span class='ocr_line' id='line_1_17' title="bbox 145 1943 1133 2025; baseline 0.001 -12"><span class='ocrx_word' id='word_1_136' title='bbox 145 1943 171 2013; x_wconf 69' lang='lat' dir='ltr'>i·</span> <span class='ocrx_word' id='word_1_137' title='bbox 196 1959 240 2016; x_wconf 84' lang='lat'>15.</span> <span class='ocrx_word' id='word_1_138' title='bbox 272 1949 298 2006; x_wconf 84' lang='lat' dir='ltr'>ln</span> <span class='ocrx_word' id='word_1_139' title='bbox 322 1954 375 2025; x_wconf 81' lang='lat' dir='ltr'>ipso</span> <span class='ocrx_word' id='word_1_140' title='bbox 396 1964 591 2011; x_wconf 76' lang='lat' dir='ltr'>armaturarum</span> <span class='ocrx_word' id='word_1_141' title='bbox 616 1950 766 2010; x_wconf 81' lang='lat' dir='ltr'>firmiliirue</span> <span class='ocrx_word' id='word_1_142' title='bbox 788 1949 905 2012; x_wconf 85' lang='lat' dir='ltr'>fundata</span> <span class='ocrx_word' id='word_1_143' title='bbox 927 1951 987 2010; x_wconf 71' lang='lat' dir='ltr'>fint.</span> <span class='ocrx_word' id='word_1_144' title='bbox 1041 1956 1133 2024; x_wconf 86' lang='lat' dir='ltr'>Vide,</span> 
     </span>
     <span class='ocr_line' id='line_1_18' title="bbox 145 2028 749 2105; baseline 0.022 -31"><span class='ocrx_word' id='word_1_145' title='bbox 145 2034 211 2092; x_wconf 79' lang='lat' dir='ltr'>qute</span> <span class='ocrx_word' id='word_1_146' title='bbox 232 2029 403 2097; x_wconf 87' lang='lat' dir='ltr'>notabuntur</span> <span class='ocrx_word' id='word_1_147' title='bbox 421 2029 457 2087; x_wconf 84' lang='lat' dir='ltr'>ud</span> <span class='ocrx_word' id='word_1_148' title='bbox 479 2028 507 2086; x_wconf 91' lang='lat' dir='ltr'>d.</span> <span class='ocrx_word' id='word_1_149' title='bbox 527 2031 553 2105; x_wconf 66' lang='lat' dir='ltr'>d.</span> <span class='ocrx_word' id='word_1_150' title='bbox 747 2058 749 2062; x_wconf 52' lang='lat'>&gt;</span> 
     </span>
    </p>

    <p class='ocr_par' dir='ltr' id='par_1_11' title="bbox 93 2095 1214 3981">
     <span class='ocr_line' id='line_1_19' title="bbox 183 2095 1136 2179; baseline 0.015 -27"><span class='ocrx_word' id='word_1_151' title='bbox 183 2095 231 2154; x_wconf 88' lang='lat' dir='ltr'>Sic</span> <span class='ocrx_word' id='word_1_152' title='bbox 251 2102 344 2176; x_wconf 80' lang='lat' dir='ltr'>itaque</span> <span class='ocrx_word' id='word_1_153' title='bbox 367 2105 548 2178; x_wconf 78' lang='lat' dir='ltr'>Anonymus,</span> <span class='ocrx_word' id='word_1_154' title='bbox 574 2104 666 2165; x_wconf 76' lang='lat' dir='ltr'>leuem</span> <span class='ocrx_word' id='word_1_155' title='bbox 688 2104 818 2164; x_wconf 80' lang='lat' dir='ltr'>Auitoris</span> <span class='ocrx_word' id='word_1_156' title='bbox 839 2102 1015 2166; x_wconf 82' lang='lat' dir='ltr'>omrffionen</span> <span class='ocrx_word' id='word_1_157' title='bbox 1039 2124 1136 2179; x_wconf 88' lang='lat' dir='ltr'>repre·</span> 
     </span>
     <span class='ocr_line' id='line_1_20' title="bbox 93 2167 1134 2253; baseline 0.019 -30"><span class='ocrx_word' id='word_1_158' title='bbox 93 2232 95 2234; x_wconf 17' lang='lat'>¹</span> <span class='ocrx_word' id='word_1_159' title='bbox 141 2167 302 2244; x_wconf 83' lang='lat' dir='ltr'>heusutus,</span> <span class='ocrx_word' id='word_1_160' title='bbox 332 2177 386 2251; x_wconf 83' lang='lat' dir='ltr'>ipse</span> <span class='ocrx_word' id='word_1_161' title='bbox 408 2178 434 2235; x_wconf 86' lang='lat' dir='ltr'>se</span> <span class='ocrx_word' id='word_1_162' title='bbox 455 2183 588 2252; x_wconf 81' lang='lat' dir='ltr'>gravibus</span> <span class='ocrx_word' id='word_1_163' title='bbox 614 2180 780 2253; x_wconf 82' lang='lat' dir='ltr'>illaqueavit</span> <span class='ocrx_word' id='word_1_164' title='bbox 810 2180 1010 2238; x_wconf 75' lang='lat' dir='ltr'>incommodis.</span> <span class='ocrx_word' id='word_1_165' title='bbox 1057 2185 1134 2243; x_wconf 87' lang='lat' dir='ltr'>Sunt·</span> 
     </span>
     <span class='ocr_line' id='line_1_21' title="bbox 143 2251 1131 2341; baseline 0.016 -41"><span class='ocrx_word' id='word_1_166' title='bbox 143 2259 223 2305; x_wconf 83' lang='lat' dir='ltr'>certe</span> <span class='ocrx_word' id='word_1_167' title='bbox 243 2251 303 2308; x_wconf 78' lang='lat' dir='ltr'>due</span> <span class='ocrx_word' id='word_1_168' title='bbox 330 2254 444 2311; x_wconf 86' lang='lat' dir='ltr'>diversae</span> <span class='ocrx_word' id='word_1_169' title='bbox 470 2255 655 2328; x_wconf 80' lang='lat' dir='ltr'>quaeslioues:</span> <span class='ocrx_word' id='word_1_170' title='bbox 688 2253 778 2341; x_wconf 64' lang='lat' dir='ltr'>Quare</span> <span class='ocrx_word' id='word_1_171' title='bbox 796 2252 831 2309; x_wconf 86' lang='lat' dir='ltr'>nd</span> <span class='ocrx_word' id='word_1_172' title='bbox 849 2268 920 2311; x_wconf 87' lang='lat' dir='ltr'>certo</span> <span class='ocrx_word' id='word_1_173' title='bbox 938 2258 1061 2330; x_wconf 79' lang='lat' dir='ltr'>quopiam</span> <span class='ocrx_word' id='word_1_174' title='bbox 1081 2257 1131 2332; x_wconf 83' lang='lat' dir='ltr'>fo-</span> 
     </span>
     <span class='ocr_line' id='line_1_22' title="bbox 141 2325 1214 2404; baseline 0.008 -26"><span class='ocrx_word' id='word_1_175' title='bbox 141 2325 232 2382; x_wconf 82' lang='lat' dir='ltr'>ciendo</span> <span class='ocrx_word' id='word_1_176' title='bbox 246 2330 289 2384; x_wconf 86' lang='lat' dir='ltr'>vel</span> <span class='ocrx_word' id='word_1_177' title='bbox 301 2329 441 2387; x_wconf 78' lang='lat' dir='ltr'>enittendo</span> <span class='ocrx_word' id='word_1_178' title='bbox 461 2333 520 2404; x_wconf 81' lang='lat' dir='ltr'>quir</span> <span class='ocrx_word' id='word_1_179' title='bbox 535 2330 689 2404; x_wconf 74' lang='lat' dir='ltr'>obligetur?</span> <span class='ocrx_word' id='word_1_180' title='bbox 721 2334 757 2388; x_wconf 74' lang='lat' dir='ltr'>lit</span> <span class='ocrx_word' id='word_1_181' title='bbox 786 2349 836 2402; x_wconf 80' lang='lat' dir='ltr'>quo</span> <span class='ocrx_word' id='word_1_182' title='bbox 851 2331 947 2386; x_wconf 81' lang='lat' dir='ltr'>ratione</span> <span class='ocrx_word' id='word_1_183' title='bbox 969 2331 1080 2390; x_wconf 79' lang='lat' dir='ltr'>immines</span> <span class='ocrx_word' id='word_1_184' title='bbox 1094 2334 1131 2394; x_wconf 71' lang='lat' dir='ltr'>od</span> <span class='ocrx_word' id='word_1_185' title='bbox 1211 2384 1214 2387; x_wconf 18' lang='grc' dir='ltr'><em>Α</em></span> 
     </span>
     <span class='ocr_line' id='line_1_23' title="bbox 134 2399 1129 2481; baseline 0.015 -28"><span class='ocrx_word' id='word_1_186' title='bbox 134 2399 297 2473; x_wconf 55' lang='lat' dir='ltr'>¹obstruenda</span> <span class='ocrx_word' id='word_1_187' title='bbox 312 2408 377 2471; x_wconf 81' lang='lat' dir='ltr'>ilia,</span> <span class='ocrx_word' id='word_1_188' title='bbox 398 2422 453 2479; x_wconf 72' lang='lat' dir='ltr'>que</span> <span class='ocrx_word' id='word_1_189' title='bbox 465 2408 593 2477; x_wconf 77' lang='lat' dir='ltr'>pertinere</span> <span class='ocrx_word' id='word_1_190' title='bbox 614 2406 649 2462; x_wconf 86' lang='lat' dir='ltr'>od</span> <span class='ocrx_word' id='word_1_191' title='bbox 667 2400 777 2475; x_wconf 86' lang='lat' dir='ltr'>officium</span> <span class='ocrx_word' id='word_1_192' title='bbox 792 2403 868 2477; x_wconf 79' lang='lat' dir='ltr'>suurn</span> <span class='ocrx_word' id='word_1_193' title='bbox 891 2408 1061 2481; x_wconf 86' lang='lat' dir='ltr'>intelligunt,</span> <span class='ocrx_word' id='word_1_194' title='bbox 1079 2425 1129 2468; x_wconf 84' lang='lat' dir='ltr'>uu·</span> 
     </span>
     <span class='ocr_line' id='line_1_24' title="bbox 138 2472 1129 2556; baseline 0.006 -22"><span class='ocrx_word' id='word_1_195' title='bbox 138 2472 257 2551; x_wconf 83' lang='lat' dir='ltr'>lidiffirrre</span> <span class='ocrx_word' id='word_1_196' title='bbox 271 2478 361 2554; x_wconf 75' lang='lat' dir='ltr'>toffint</span> <span class='ocrx_word' id='word_1_197' title='bbox 372 2480 543 2554; x_wconf 77' lang='lat' dir='ltr'>permoveri?</span> <span class='ocrx_word' id='word_1_198' title='bbox 562 2485 643 2541; x_wconf 89' lang='lat' dir='ltr'>Circa</span> <span class='ocrx_word' id='word_1_199' title='bbox 658 2483 844 2552; x_wconf 83' lang='lat' dir='ltr'>posteriorem</span> <span class='ocrx_word' id='word_1_200' title='bbox 867 2480 982 2552; x_wconf 87' lang='lat' dir='ltr'>quidem</span> <span class='ocrx_word' id='word_1_201' title='bbox 998 2483 1129 2556; x_wconf 81' lang='lat' dir='ltr'>quaeslio·</span> 
     </span>
     <span class='ocr_line' id='line_1_25' title="bbox 136 2557 1201 2634; baseline 0.007 -24"><span class='ocrx_word' id='word_1_202' title='bbox 136 2569 204 2610; x_wconf 88' lang='lat' dir='ltr'>nem</span> <span class='ocrx_word' id='word_1_203' title='bbox 238 2557 366 2613; x_wconf 83' lang='lat' dir='ltr'>lubenter</span> <span class='ocrx_word' id='word_1_204' title='bbox 387 2557 592 2625; x_wconf 77' lang='lat' dir='ltr'>admiserimus,</span> <span class='ocrx_word' id='word_1_205' title='bbox 615 2557 753 2615; x_wconf 85' lang='lat' dir='ltr'>rationem</span> <span class='ocrx_word' id='word_1_206' title='bbox 783 2560 936 2627; x_wconf 80' lang='lat' dir='ltr'>utilitatis,</span> <span class='ocrx_word' id='word_1_207' title='bbox 963 2575 996 2616; x_wconf 91' lang='lat' dir='ltr'>ac</span> <span class='ocrx_word' id='word_1_208' title='bbox 1022 2562 1048 2616; x_wconf 91' lang='lat' dir='ltr'>in</span> <span class='ocrx_word' id='word_1_209' title='bbox 1072 2563 1132 2633; x_wconf 52' lang='lat' dir='ltr'>pria</span> <span class='ocrx_word' id='word_1_210' title='bbox 1199 2630 1201 2634; x_wconf 11' lang='grc' dir='ltr'><em>Α</em></span> 
     </span>
     <span class='ocr_line' id='line_1_26' title="bbox 136 2631 1127 2709; baseline 0.005 -21"><span class='ocrx_word' id='word_1_211' title='bbox 136 2631 191 2688; x_wconf 80' lang='lat' dir='ltr'>mis</span> <span class='ocrx_word' id='word_1_212' title='bbox 211 2632 340 2691; x_wconf 78' lang='lat' dir='ltr'>interitum</span> <span class='ocrx_word' id='word_1_213' title='bbox 361 2650 506 2705; x_wconf 73' lang='lat' dir='ltr'>rroenaruur</span> <span class='ocrx_word' id='word_1_214' title='bbox 527 2651 560 2691; x_wconf 87' lang='lat' dir='ltr'>ac</span> <span class='ocrx_word' id='word_1_215' title='bbox 583 2635 760 2709; x_wconf 85' lang='lat' dir='ltr'>praemiorum</span> <span class='ocrx_word' id='word_1_216' title='bbox 781 2633 895 2692; x_wconf 88' lang='lat' dir='ltr'>alterius</span> <span class='ocrx_word' id='word_1_217' title='bbox 917 2633 1001 2704; x_wconf 73' lang='lat' dir='ltr'>vitat,</span> <span class='ocrx_word' id='word_1_218' title='bbox 1020 2635 1047 2691; x_wconf 89' lang='lat' dir='ltr'>ld</span> <span class='ocrx_word' id='word_1_219' title='bbox 1072 2638 1127 2693; x_wconf 87' lang='lat' dir='ltr'>uti·</span> 
     </span>
     <span class='ocr_line' id='line_1_27' title="bbox 136 2708 1124 2779; baseline 0.008 -17"><span class='ocrx_word' id='word_1_220' title='bbox 136 2722 197 2779; x_wconf 86' lang='lat' dir='ltr'>que</span> <span class='ocrx_word' id='word_1_221' title='bbox 219 2708 288 2776; x_wconf 82' lang='lat' dir='ltr'>elie,</span> <span class='ocrx_word' id='word_1_222' title='bbox 311 2727 369 2778; x_wconf 80' lang='lat' dir='ltr'>quo</span> <span class='ocrx_word' id='word_1_223' title='bbox 388 2712 506 2770; x_wconf 81' lang='lat' dir='ltr'>maxima</span> <span class='ocrx_word' id='word_1_224' title='bbox 528 2709 686 2767; x_wconf 87' lang='lat' dir='ltr'>mortalium</span> <span class='ocrx_word' id='word_1_225' title='bbox 706 2725 769 2779; x_wconf 85' lang='lat' dir='ltr'>pars</span> <span class='ocrx_word' id='word_1_226' title='bbox 786 2710 997 2768; x_wconf 79' lang='lat' dir='ltr'>determinetur.</span> <span class='ocrx_word' id='word_1_227' title='bbox 1039 2712 1124 2770; x_wconf 84' lang='lat' dir='ltr'>Unde</span> 
     </span>
     <span class='ocr_line' id='line_1_28' title="bbox 136 2781 1126 2862; baseline 0.007 -25"><span class='ocrx_word' id='word_1_228' title='bbox 136 2781 253 2851; x_wconf 76' lang='lat' dir='ltr'>adparet</span> <span class='ocrx_word' id='word_1_229' title='bbox 274 2803 411 2860; x_wconf 83' lang='lat' dir='ltr'>quoque,</span> <span class='ocrx_word' id='word_1_230' title='bbox 444 2804 527 2862; x_wconf 84' lang='lat' dir='ltr'>quam</span> <span class='ocrx_word' id='word_1_231' title='bbox 555 2802 627 2860; x_wconf 87' lang='lat' dir='ltr'>opus</span> <span class='ocrx_word' id='word_1_232' title='bbox 654 2785 815 2842; x_wconf 88' lang='lat' dir='ltr'>hominibus</span> <span class='ocrx_word' id='word_1_233' title='bbox 839 2784 924 2842; x_wconf 87' lang='lat' dir='ltr'>fuerit</span> <span class='ocrx_word' id='word_1_234' title='bbox 944 2801 1021 2846; x_wconf 84' lang='lat' dir='ltr'>certa</span> <span class='ocrx_word' id='word_1_235' title='bbox 1042 2805 1074 2845; x_wconf 90' lang='lat' dir='ltr'>ac</span> <span class='ocrx_word' id='word_1_236' title='bbox 1094 2788 1126 2844; x_wconf 95' lang='lat' dir='ltr'>li·</span> 
     </span>
     <span class='ocr_line' id='line_1_29' title="bbox 137 2857 1123 2938; baseline 0.01 -26"><span class='ocrx_word' id='word_1_237' title='bbox 137 2859 222 2930; x_wconf 84' lang='lat' dir='ltr'>quida</span> <span class='ocrx_word' id='word_1_238' title='bbox 245 2857 330 2917; x_wconf 85' lang='lat' dir='ltr'>slatus</span> <span class='ocrx_word' id='word_1_239' title='bbox 357 2862 458 2920; x_wconf 86' lang='lat' dir='ltr'>suturae</span> <span class='ocrx_word' id='word_1_240' title='bbox 486 2866 550 2922; x_wconf 80' lang='lat' dir='ltr'>ultre</span> <span class='ocrx_word' id='word_1_241' title='bbox 570 2860 770 2920; x_wconf 85' lang='lat' dir='ltr'>revelatione:</span> <span class='ocrx_word' id='word_1_242' title='bbox 799 2863 877 2929; x_wconf 82' lang='lat' dir='ltr'>cuius</span> <span class='ocrx_word' id='word_1_243' title='bbox 900 2871 995 2919; x_wconf 89' lang='lat' dir='ltr'>tamen</span> <span class='ocrx_word' id='word_1_244' title='bbox 1021 2863 1123 2938; x_wconf 84' lang='lat' dir='ltr'>scopus</span> 
     </span>
     <span class='ocr_line' id='line_1_30' title="bbox 135 2936 1123 3012; baseline 0.01 -25"><span class='ocrx_word' id='word_1_245' title='bbox 135 2949 195 2988; x_wconf 88' lang='lat' dir='ltr'>non</span> <span class='ocrx_word' id='word_1_246' title='bbox 216 2937 270 3003; x_wconf 88' lang='lat' dir='ltr'>eli,</span> <span class='ocrx_word' id='word_1_247' title='bbox 299 2938 371 3009; x_wconf 87' lang='lat' dir='ltr'>ipsos</span> <span class='ocrx_word' id='word_1_248' title='bbox 395 2941 430 2995; x_wconf 84' lang='lat' dir='ltr'>ad</span> <span class='ocrx_word' id='word_1_249' title='bbox 451 2940 562 2997; x_wconf 86' lang='lat' dir='ltr'>uirtutis</span> <span class='ocrx_word' id='word_1_250' title='bbox 583 2937 724 3001; x_wconf 80' lang='lat' dir='ltr'>studium,</span> <span class='ocrx_word' id='word_1_251' title='bbox 748 2936 900 3012; x_wconf 80' lang='lat' dir='ltr'>fugantque</span> <span class='ocrx_word' id='word_1_252' title='bbox 918 2937 1053 2998; x_wconf 84' lang='lat' dir='ltr'>uitiorum</span> <span class='ocrx_word' id='word_1_253' title='bbox 1073 2955 1123 2997; x_wconf 85' lang='lat' dir='ltr'>ex·</span> 
     </span>
     <span class='ocr_line' id='line_1_31' title="bbox 133 3009 1122 3086; baseline 0.011 -21"><span class='ocrx_word' id='word_1_254' title='bbox 133 3009 224 3067; x_wconf 80' lang='lat' dir='ltr'>citare</span> <span class='ocrx_word' id='word_1_255' title='bbox 247 3015 303 3070; x_wconf 88' lang='lat' dir='ltr'>sola</span> <span class='ocrx_word' id='word_1_256' title='bbox 323 3015 430 3086; x_wconf 90' lang='lat' dir='ltr'>proprii</span> <span class='ocrx_word' id='word_1_257' title='bbox 449 3014 594 3073; x_wconf 85' lang='lat' dir='ltr'>courrnodl</span> <span class='ocrx_word' id='word_1_258' title='bbox 610 3012 848 3074; x_wconf 81' lang='lat' dir='ltr'>eonnuararioner</span> <span class='ocrx_word' id='word_1_259' title='bbox 870 3011 914 3068; x_wconf 84' lang='lat' dir='ltr'>sed</span> <span class='ocrx_word' id='word_1_260' title='bbox 929 3014 1043 3073; x_wconf 86' lang='lat' dir='ltr'>eosdem</span> <span class='ocrx_word' id='word_1_261' title='bbox 1064 3015 1122 3076; x_wconf 84' lang='lat' dir='ltr'>hoc</span> 
     </span>
     <span class='ocr_line' id='line_1_32' title="bbox 134 3086 1122 3162; baseline 0.012 -25"><span class='ocrx_word' id='word_1_262' title='bbox 134 3086 217 3158; x_wconf 78' lang='lat' dir='ltr'>padio</span> <span class='ocrx_word' id='word_1_263' title='bbox 240 3087 334 3146; x_wconf 84' lang='lat' dir='ltr'>seusun</span> <span class='ocrx_word' id='word_1_264' title='bbox 355 3089 528 3161; x_wconf 83' lang='lat' dir='ltr'>disponere,</span> <span class='ocrx_word' id='word_1_265' title='bbox 557 3103 587 3147; x_wconf 92' lang='lat' dir='ltr'>ut</span> <span class='ocrx_word' id='word_1_266' title='bbox 608 3088 742 3146; x_wconf 83' lang='lat' dir='ltr'>nobiliori</span> <span class='ocrx_word' id='word_1_267' title='bbox 765 3089 869 3146; x_wconf 85' lang='lat' dir='ltr'>deinde</span> <span class='ocrx_word' id='word_1_268' title='bbox 889 3087 1012 3162; x_wconf 88' lang='lat' dir='ltr'>quodam</span> <span class='ocrx_word' id='word_1_269' title='bbox 1037 3103 1122 3149; x_wconf 85' lang='lat' dir='ltr'>motu</span> 
     </span>
     <span class='ocr_line' id='line_1_33' title="bbox 134 3161 1121 3238; baseline 0.01 -22"><span class='ocrx_word' id='word_1_270' title='bbox 134 3161 223 3220; x_wconf 82' lang='lat' dir='ltr'>officii</span> <span class='ocrx_word' id='word_1_271' title='bbox 252 3178 344 3237; x_wconf 89' lang='lat' dir='ltr'>partes</span> <span class='ocrx_word' id='word_1_272' title='bbox 369 3168 517 3237; x_wconf 82' lang='lat' dir='ltr'>expleant,</span> <span class='ocrx_word' id='word_1_273' title='bbox 547 3165 740 3238; x_wconf 74' lang='lat' dir='ltr'>infignemque</span> <span class='ocrx_word' id='word_1_274' title='bbox 766 3165 858 3231; x_wconf 88' lang='lat' dir='ltr'>illam,</span> <span class='ocrx_word' id='word_1_275' title='bbox 888 3164 964 3233; x_wconf 77' lang='lat' dir='ltr'>cuius</span> <span class='ocrx_word' id='word_1_276' title='bbox 992 3170 1121 3228; x_wconf 89' lang='lat' dir='ltr'>meminit</span> 
     </span>
     <span class='ocr_line' id='line_1_34' title="bbox 132 3239 1121 3316; baseline 0.006 -20"><span class='ocrx_word' id='word_1_277' title='bbox 132 3239 321 3312; x_wconf 83' lang='lat' dir='ltr'>Anonynus,</span> <span class='ocrx_word' id='word_1_278' title='bbox 349 3243 376 3300; x_wconf 88' lang='lat' dir='ltr'>in</span> <span class='ocrx_word' id='word_1_279' title='bbox 401 3244 507 3300; x_wconf 87' lang='lat' dir='ltr'>virtute</span> <span class='ocrx_word' id='word_1_280' title='bbox 530 3242 705 3316; x_wconf 85' lang='lat' dir='ltr'>uoluptatem</span> <span class='ocrx_word' id='word_1_281' title='bbox 726 3242 888 3300; x_wconf 71' lang='lat' dir='ltr'>inueniantz</span> <span class='ocrx_word' id='word_1_282' title='bbox 919 3258 981 3312; x_wconf 85' lang='lat' dir='ltr'>quae</span> <span class='ocrx_word' id='word_1_283' title='bbox 1002 3243 1121 3312; x_wconf 82' lang='lat' dir='ltr'>quidem</span> 
     </span>
     <span class='ocr_line' id='line_1_35' title="bbox 131 3316 1120 3392; baseline -0.01 -18"><span class='ocrx_word' id='word_1_284' title='bbox 131 3331 191 3374; x_wconf 92' lang='lat' dir='ltr'>non</span> <span class='ocrx_word' id='word_1_285' title='bbox 214 3317 457 3390; x_wconf 74' lang='lat' dir='ltr'>representatione</span> <span class='ocrx_word' id='word_1_286' title='bbox 475 3320 671 3392; x_wconf 78' lang='lat' dir='ltr'>praemiorum,</span> <span class='ocrx_word' id='word_1_287' title='bbox 700 3319 804 3374; x_wconf 89' lang='lat' dir='ltr'>nedum</span> <span class='ocrx_word' id='word_1_288' title='bbox 824 3331 970 3389; x_wconf 84' lang='lat' dir='ltr'>prunarum</span> <span class='ocrx_word' id='word_1_289' title='bbox 993 3317 1057 3372; x_wconf 79' lang='lat' dir='ltr'>vira</span> <span class='ocrx_word' id='word_1_290' title='bbox 1080 3316 1120 3372; x_wconf 87' lang='lat' dir='ltr'>al.</span> 
     </span>
     <span class='ocr_line' id='line_1_36' title="bbox 132 3390 1118 3467; baseline -0.011 -17"><span class='ocrx_word' id='word_1_291' title='bbox 132 3393 235 3453; x_wconf 86' lang='lat' dir='ltr'>terius,</span> <span class='ocrx_word' id='word_1_292' title='bbox 258 3392 302 3448; x_wconf 84' lang='lat' dir='ltr'>fed</span> <span class='ocrx_word' id='word_1_293' title='bbox 324 3393 406 3467; x_wconf 86' lang='lat' dir='ltr'>longa</span> <span class='ocrx_word' id='word_1_294' title='bbox 429 3410 462 3450; x_wconf 88' lang='lat' dir='ltr'>ac</span> <span class='ocrx_word' id='word_1_295' title='bbox 482 3395 550 3448; x_wconf 91' lang='lat' dir='ltr'>seria</span> <span class='ocrx_word' id='word_1_296' title='bbox 566 3390 750 3447; x_wconf 85' lang='lat' dir='ltr'>meditatione</span> <span class='ocrx_word' id='word_1_297' title='bbox 770 3390 921 3445; x_wconf 87' lang='lat' dir='ltr'>uenullatis</span> <span class='ocrx_word' id='word_1_298' title='bbox 944 3405 976 3444; x_wconf 86' lang='lat' dir='ltr'>ac</span> <span class='ocrx_word' id='word_1_299' title='bbox 991 3390 1118 3464; x_wconf 83' lang='lat' dir='ltr'>praestan.</span> 
     </span>
     <span class='ocr_line' id='line_1_37' title="bbox 130 3464 1114 3538; baseline -0.001 -14"><span class='ocrx_word' id='word_1_300' title='bbox 130 3469 179 3524; x_wconf 77' lang='lat' dir='ltr'>liae</span> <span class='ocrx_word' id='word_1_301' title='bbox 206 3467 287 3537; x_wconf 76' lang='lat' dir='ltr'>ipsius</span> <span class='ocrx_word' id='word_1_302' title='bbox 317 3467 426 3523; x_wconf 75' lang='lat' dir='ltr'>virturis</span> <span class='ocrx_word' id='word_1_303' title='bbox 447 3466 633 3538; x_wconf 75' lang='lat' dir='ltr'>progignitur.</span> <span class='ocrx_word' id='word_1_304' title='bbox 685 3465 834 3537; x_wconf 85' lang='lat' dir='ltr'>Improbus</span> <span class='ocrx_word' id='word_1_305' title='bbox 864 3464 969 3534; x_wconf 85' lang='lat' dir='ltr'>quippe</span> <span class='ocrx_word' id='word_1_306' title='bbox 997 3465 1114 3538; x_wconf 83' lang='lat' dir='ltr'>videas,</span> 
     </span>
     <span class='ocr_line' id='line_1_38' title="bbox 129 3537 1146 3613; baseline 0.003 -17"><span class='ocrx_word' id='word_1_307' title='bbox 129 3558 206 3613; x_wconf 82' lang='lat' dir='ltr'>qttns</span> <span class='ocrx_word' id='word_1_308' title='bbox 228 3540 386 3603; x_wconf 84' lang='lat' dir='ltr'>fururorum</span> <span class='ocrx_word' id='word_1_309' title='bbox 408 3543 543 3599; x_wconf 88' lang='lat' dir='ltr'>malorum</span> <span class='ocrx_word' id='word_1_310' title='bbox 564 3554 672 3608; x_wconf 77' lang='lat' dir='ltr'>ruerus,</span> <span class='ocrx_word' id='word_1_311' title='bbox 692 3556 725 3594; x_wconf 88' lang='lat' dir='ltr'>ac</span> <span class='ocrx_word' id='word_1_312' title='bbox 740 3541 881 3596; x_wconf 87' lang='lat' dir='ltr'>bonorum</span> <span class='ocrx_word' id='word_1_313' title='bbox 908 3537 970 3611; x_wconf 89' lang='lat' dir='ltr'>spes</span> <span class='ocrx_word' id='word_1_314' title='bbox 985 3540 1113 3606; x_wconf 76' lang='lat' dir='ltr'>adliciat:</span> <span class='ocrx_word' id='word_1_315' title='bbox 1144 3554 1146 3559; x_wconf 81' lang='grc'>’</span> 
     </span>
     <span class='ocr_line' id='line_1_39' title="bbox 129 3613 1114 3688; baseline -0.001 -15"><span class='ocrx_word' id='word_1_316' title='bbox 129 3620 170 3676; x_wconf 83' lang='lat' dir='ltr'>ira</span> <span class='ocrx_word' id='word_1_317' title='bbox 188 3629 280 3676; x_wconf 88' lang='lat' dir='ltr'>tanren</span> <span class='ocrx_word' id='word_1_318' title='bbox 307 3630 338 3674; x_wconf 86' lang='lat' dir='ltr'>ut</span> <span class='ocrx_word' id='word_1_319' title='bbox 359 3634 426 3676; x_wconf 77' lang='lat' dir='ltr'>non¹</span> <span class='ocrx_word' id='word_1_320' title='bbox 440 3617 505 3674; x_wconf 87' lang='lat' dir='ltr'>ideo</span> <span class='ocrx_word' id='word_1_321' title='bbox 521 3619 632 3675; x_wconf 88' lang='lat' dir='ltr'>virtutis</span> <span class='ocrx_word' id='word_1_322' title='bbox 650 3613 750 3688; x_wconf 82' lang='lat' dir='ltr'>gustu,</span> <span class='ocrx_word' id='word_1_323' title='bbox 771 3630 818 3671; x_wconf 88' lang='lat' dir='ltr'>aut</span> <span class='ocrx_word' id='word_1_324' title='bbox 843 3617 963 3673; x_wconf 86' lang='lat' dir='ltr'>horrore</span> <span class='ocrx_word' id='word_1_325' title='bbox 978 3617 1114 3678; x_wconf 81' lang='lat' dir='ltr'>uitiorum</span> 
     </span>
     <span class='ocr_line' id='line_1_40' title="bbox 129 3689 1114 3766; baseline -0.001 -12"><span class='ocrx_word' id='word_1_326' title='bbox 129 3707 299 3766; x_wconf 77' lang='lat' dir='ltr'>tanganture</span> <span class='ocrx_word' id='word_1_327' title='bbox 333 3706 445 3752; x_wconf 74' lang='lat' dir='ltr'>aterne</span> <span class='ocrx_word' id='word_1_328' title='bbox 466 3694 580 3766; x_wconf 89' lang='lat' dir='ltr'>quidem</span> <span class='ocrx_word' id='word_1_329' title='bbox 603 3704 752 3761; x_wconf 85' lang='lat' dir='ltr'>compotes</span> <span class='ocrx_word' id='word_1_330' title='bbox 775 3689 836 3748; x_wconf 87' lang='lat' dir='ltr'>fieri</span> <span class='ocrx_word' id='word_1_331' title='bbox 864 3689 1006 3750; x_wconf 84' lang='lat' dir='ltr'>felicitatis</span> <span class='ocrx_word' id='word_1_332' title='bbox 1028 3709 1114 3764; x_wconf 88' lang='lat' dir='ltr'>cupe-</span> 
     </span>
     <span class='ocr_line' id='line_1_41' title="bbox 131 3766 1113 3843; baseline -0.001 -15"><span class='ocrx_word' id='word_1_333' title='bbox 131 3782 211 3833; x_wconf 87' lang='lat' dir='ltr'>rent;</span> <span class='ocrx_word' id='word_1_334' title='bbox 233 3785 259 3829; x_wconf 91' lang='lat' dir='ltr'>at</span> <span class='ocrx_word' id='word_1_335' title='bbox 276 3770 311 3827; x_wconf 91' lang='lat' dir='ltr'>ab</span> <span class='ocrx_word' id='word_1_336' title='bbox 325 3788 362 3826; x_wconf 88' lang='lat' dir='ltr'>eu</span> <span class='ocrx_word' id='word_1_337' title='bbox 377 3770 516 3838; x_wconf 88' lang='lat' dir='ltr'>amando,</span> <span class='ocrx_word' id='word_1_338' title='bbox 538 3771 615 3842; x_wconf 89' lang='lat' dir='ltr'>quod</span> <span class='ocrx_word' id='word_1_339' title='bbox 638 3770 726 3827; x_wconf 91' lang='lat' dir='ltr'>folum</span> <span class='ocrx_word' id='word_1_340' title='bbox 747 3766 867 3838; x_wconf 75' lang='lat' dir='ltr'>reddere</span> <span class='ocrx_word' id='word_1_341' title='bbox 885 3767 985 3826; x_wconf 83' lang='lat' dir='ltr'>felices</span> <span class='ocrx_word' id='word_1_342' title='bbox 1001 3771 1113 3843; x_wconf 85' lang='lat' dir='ltr'>potest,</span> 
     </span>
     <span class='ocr_line' id='line_1_42' title="bbox 129 3844 1110 3978; baseline 0 -74"><span class='ocrx_word' id='word_1_343' title='bbox 129 3852 313 3978; x_wconf 53' lang='lat' dir='ltr'>npprumque</span> <span class='ocrx_word' id='word_1_344' title='bbox 328 3863 378 3921; x_wconf 91' lang='lat' dir='ltr'>per</span> <span class='ocrx_word' id='word_1_345' title='bbox 393 3845 420 3903; x_wconf 90' lang='lat' dir='ltr'>se</span> <span class='ocrx_word' id='word_1_346' title='bbox 436 3861 562 3905; x_wconf 86' lang='lat' dir='ltr'>amorem</span> <span class='ocrx_word' id='word_1_347' title='bbox 579 3858 778 3920; x_wconf 85' lang='lat' dir='ltr'>promeretur,</span> <span class='ocrx_word' id='word_1_348' title='bbox 798 3844 847 3918; x_wconf 89' lang='lat' dir='ltr'>ipsi</span> <span class='ocrx_word' id='word_1_349' title='bbox 860 3844 944 3919; x_wconf 79' lang='lat' dir='ltr'>longe</span> <span class='ocrx_word' id='word_1_350' title='bbox 963 3844 1025 3905; x_wconf 92' lang='lat' dir='ltr'>sunt</span> <span class='ocrx_word' id='word_1_351' title='bbox 1044 3847 1110 3904; x_wconf 86' lang='lat' dir='ltr'>alie·</span> 
     </span>
     <span class='ocr_line' id='line_1_43' title="bbox 122 3925 240 3981; baseline 0.017 -2"><span class='ocrx_word' id='word_1_352' title='bbox 122 3935 159 3979; x_wconf 82' lang='lat' dir='ltr'>&#39;nl</span> <span class='ocrx_word' id='word_1_353' title='bbox 183 3925 240 3981; x_wconf 79' lang='lat' dir='ltr'>trus.</span> 
     </span>
    </p>

    <p class='ocr_par' dir='ltr' id='par_1_12' title="bbox 101 3993 1113 4303">
     <span class='ocr_line' id='line_1_44' title="bbox 168 3993 1113 4058; baseline 0.004 -4"><span class='ocrx_word' id='word_1_354' title='bbox 168 3999 224 4056; x_wconf 84' lang='lat' dir='ltr'>Ersr</span> <span class='ocrx_word' id='word_1_355' title='bbox 246 3998 279 4055; x_wconf 90' lang='lat' dir='ltr'>ad</span> <span class='ocrx_word' id='word_1_356' title='bbox 301 3998 385 4055; x_wconf 90' lang='lat' dir='ltr'>solam</span> <span class='ocrx_word' id='word_1_357' title='bbox 401 3999 549 4057; x_wconf 85' lang='lat' dir='ltr'>utilitatem</span> <span class='ocrx_word' id='word_1_358' title='bbox 565 3996 755 4057; x_wconf 80' lang='lat' dir='ltr'>adtendatur:</span> <span class='ocrx_word' id='word_1_359' title='bbox 782 3993 965 4054; x_wconf 81' lang='lat' dir='ltr'>nibilominus</span> <span class='ocrx_word' id='word_1_360' title='bbox 982 3995 1113 4058; x_wconf 62' lang='lat' dir='ltr'>sectanda</span> 
     </span>
     <span class='ocr_line' id='line_1_45' title="bbox 127 4071 1112 4151; baseline -0.001 -20"><span class='ocrx_word' id='word_1_361' title='bbox 127 4075 258 4144; x_wconf 65' lang='lat' dir='ltr'>virturis,</span> <span class='ocrx_word' id='word_1_362' title='bbox 278 4075 461 4151; x_wconf 81' lang='lat' dir='ltr'>fugiendique</span> <span class='ocrx_word' id='word_1_363' title='bbox 487 4075 548 4131; x_wconf 89' lang='lat' dir='ltr'>vitii</span> <span class='ocrx_word' id='word_1_364' title='bbox 567 4075 606 4134; x_wconf 88' lang='lat' dir='ltr'>sat</span> <span class='ocrx_word' id='word_1_365' title='bbox 626 4089 769 4146; x_wconf 73' lang='lat' dir='ltr'>pregnans</span> <span class='ocrx_word' id='word_1_366' title='bbox 790 4072 863 4129; x_wconf 86' lang='lat' dir='ltr'>ratio</span> <span class='ocrx_word' id='word_1_367' title='bbox 882 4071 1049 4144; x_wconf 80' lang='lat' dir='ltr'>superesset,</span> <span class='ocrx_word' id='word_1_368' title='bbox 1072 4075 1112 4130; x_wconf 85' lang='lat' dir='ltr'>sa·</span> 
     </span>
     <span class='ocr_line' id='line_1_46' title="bbox 128 4148 1111 4226; baseline 0.005 -22"><span class='ocrx_word' id='word_1_369' title='bbox 128 4150 227 4226; x_wconf 81' lang='lat' dir='ltr'>pnfitis</span> <span class='ocrx_word' id='word_1_370' title='bbox 243 4152 364 4223; x_wconf 84' lang='lat' dir='ltr'>praerniis</span> <span class='ocrx_word' id='word_1_371' title='bbox 385 4169 418 4209; x_wconf 88' lang='lat' dir='ltr'>ac</span> <span class='ocrx_word' id='word_1_372' title='bbox 437 4153 528 4226; x_wconf 81' lang='lat' dir='ltr'>poenis</span> <span class='ocrx_word' id='word_1_373' title='bbox 550 4151 648 4209; x_wconf 80' lang='lat' dir='ltr'>futurae</span> <span class='ocrx_word' id='word_1_374' title='bbox 671 4151 743 4205; x_wconf 82' lang='lat' dir='ltr'>vitan.</span> <span class='ocrx_word' id='word_1_375' title='bbox 787 4148 870 4205; x_wconf 88' lang='lat' dir='ltr'>Certe</span> <span class='ocrx_word' id='word_1_376' title='bbox 889 4151 1017 4220; x_wconf 80' lang='lat' dir='ltr'>parandae</span> <span class='ocrx_word' id='word_1_377' title='bbox 1039 4149 1111 4209; x_wconf 78' lang='lat' dir='ltr'>&amp;in</span> 
     </span>
     <span class='ocr_line' id='line_1_47' title="bbox 101 4223 1108 4303; baseline -0.004 -17"><span class='ocrx_word' id='word_1_378' title='bbox 101 4228 174 4286; x_wconf 50' lang='lat' dir='ltr'>‘his</span> <span class='ocrx_word' id='word_1_379' title='bbox 198 4227 279 4284; x_wconf 87' lang='lat' dir='ltr'>terris</span> <span class='ocrx_word' id='word_1_380' title='bbox 306 4229 433 4286; x_wconf 88' lang='lat' dir='ltr'>felicitati</span> <span class='ocrx_word' id='word_1_381' title='bbox 456 4228 549 4303; x_wconf 88' lang='lat' dir='ltr'>aptior</span> <span class='ocrx_word' id='word_1_382' title='bbox 567 4245 618 4300; x_wconf 86' lang='lat' dir='ltr'>per</span> <span class='ocrx_word' id='word_1_383' title='bbox 643 4227 670 4283; x_wconf 90' lang='lat' dir='ltr'>se</span> <span class='ocrx_word' id='word_1_384' title='bbox 692 4227 781 4282; x_wconf 82' lang='lat' dir='ltr'>virtus</span> <span class='ocrx_word' id='word_1_385' title='bbox 803 4223 857 4289; x_wconf 90' lang='lat' dir='ltr'>est,</span> <span class='ocrx_word' id='word_1_386' title='bbox 888 4240 969 4295; x_wconf 82' lang='lat' dir='ltr'>qrrarn</span> <span class='ocrx_word' id='word_1_387' title='bbox 993 4226 1108 4284; x_wconf 84' lang='lat' dir='ltr'>uitium:</span> 
     </span>
    </p>
   </div>
   <div class='ocr_carea' id='block_1_3' title="bbox 127 4300 1116 4456">
    <p class='ocr_par' dir='ltr' id='par_1_13' title="bbox 127 4300 1116 4456">
     <span class='ocr_line' id='line_1_48' title="bbox 127 4300 1109 4450; baseline -0.009 -83"><span class='ocrx_word' id='word_1_388' title='bbox 127 4320 162 4367; x_wconf 74' lang='lat' dir='ltr'>ac</span> <span class='ocrx_word' id='word_1_389' title='bbox 183 4305 267 4381; x_wconf 82' lang='lat' dir='ltr'>longe</span> <span class='ocrx_word' id='word_1_390' title='bbox 287 4304 512 4381; x_wconf 85' lang='lat' dir='ltr'>probabiliorem</span> <span class='ocrx_word' id='word_1_391' title='bbox 529 4304 740 4450; x_wconf 51' lang='lat' dir='ltr'>&#39;concipleirrerup</span> <span class='ocrx_word' id='word_1_392' title='bbox 754 4301 905 4377; x_wconf 86' lang='lat' dir='ltr'>plurimum</span> <span class='ocrx_word' id='word_1_393' title='bbox 921 4300 996 4378; x_wconf 87' lang='lat' dir='ltr'>spem</span> <span class='ocrx_word' id='word_1_394' title='bbox 1019 4301 1109 4438; x_wconf 52' lang='lat' dir='ltr'>iffi,</span> 
     </span>
     <span class='ocr_line' id='line_1_49' title="bbox 870 4415 1116 4456; baseline -0.008 0"><span class='ocrx_word' id='word_1_395' title='bbox 870 4440 876 4456; x_wconf 84' lang='lat'><strong>.</strong></span> <span class='ocrx_word' id='word_1_396' title='bbox 1004 4433 1008 4437; x_wconf 93' lang='lat'><em>-</em></span> <span class='ocrx_word' id='word_1_397' title='bbox 1102 4415 1116 4450; x_wconf 80' lang='lat' dir='ltr'>a</span> 
     </span>
    </p>
   </div>
   <div class='ocr_carea' id='block_1_4' title="bbox 0 0 1522 5509">
    <p class='ocr_par' dir='ltr' id='par_1_14' title="bbox 0 0 1522 5509">
     <span class='ocr_line' id='line_1_50' title="bbox 0 0 1522 5509; baseline 0 10"><span class='ocrx_word' id='word_1_398' title='bbox 0 0 1522 5509; x_wconf 95' lang='lat' dir='ltr'> </span> 
     </span>
    </p>
   </div>
  </div>
 </body>
</html>
