3034 5509
304 653 363 720 ln
398 645 499 718 Sin.
532 633 815 722 Portunum.
848 637 941 717 Lrn'.
966 637 994 712 1·
1081 651 1160 744 952

478 853 482 863 .
562 818 587 892 q.
628 817 746 882 xix.

196 973 256 1050 Aul
268 972 361 1052 pacisci
380 978 451 1034 circe
464 971 658 1048 teslulienos}
697 970 840 1032 Addendae
863 978 979 1047 quoque
1001 989 1046 1032 res
1070 974 1152 1047 suut,

159 1055 221 1123 quae
243 1069 342 1127 revera,
355 1055 388 1107 ad
404 1054 526 1124 aliquem
542 1051 701 1123 pettineut3
724 1059 751 1105 nt
772 1048 806 1105 de
824 1049 926 1121 quibus
942 1061 1035 1108 tamen
1057 1045 1151 1122 dispo·
1182 1110 1185 1115 ,

159 1121 227 1182 nere
244 1143 301 1184 uon
316 1128 417 1202 potell.
457 1127 554 1203 Qualis
572 1125 647 1183 cusus
665 1124 704 1181 eli
715 1126 876 1197 pupillorum
891 1141 922 1181 ac
935 1130 1067 1203 minorum
1102 1127 1151 1185 vt·

159 1201 216 1268 de,
244 1219 306 1274 que
329 1203 433 1262 tradidi
459 1205 487 1260 in
510 1203 644 1261 Traiiotu
668 1200 703 1258 de
731 1199 819 1258 Ludis
843 1203 887 1259 lib.
911 1201 948 1261 II.
973 1215 1029 1277 cap.
1059 1223 1086 1278 4.
1121 1187 1151 1274 ff.

157 1291 185 1345 4·
205 1275 259 1350 fit-
543 1356 547 1363 ,
618 1292 634 1303 ·

196 1353 246 1409 Me
270 1353 330 1427 quid
355 1356 553 1428 imperarentur
569 1351 666 1431 poffe].
714 1351 784 1410 lude
806 1351 861 1421 est,
883 1352 1046 1426 quodcum
1068 1354 1150 1428 supet

154 1428 311 1486 uiliouilrus
335 1431 465 1497 alterius,
487 1431 514 1487 in
536 1449 621 1504 quem
646 1429 713 1487 mihi
738 1427 778 1484 est
800 1430 949 1503 imperium
972 1471 982 1501 ‚
1002 1430 1147 1503 spondeo,

155 1505 243 1576 magis
261 1507 405 1578 proprium
419 1508 536 1571 fufium,
553 1522 636 1581 quam
654 1505 792 1572 alienum,
814 1521 966 1580 quousque
984 1506 1010 1564 se
1024 1510 1149 1580 potellas

157 1577 185 1633 in
206 1580 325 1636 alterum
342 1598 403 1640 mea
417 1581 563 1648 extendit,
586 1583 698 1640 censent
714 1583 892 1653 promittere.

196 1652 232 1710 Et
250 1667 374 1728 quonium
393 1661 456 1716 uita
478 1659 569 1715 ciuilis
589 1661 659 1717 totio
671 1655 763 1733 fert].
791 1655 1028 1732 Distinguendum
1044 1658 1091 1718 hic
1106 1657 1150 1726 est

155 1727 230 1786 inter
239 1728 498 1806 prorniffioues'mere
510 1737 661 1809 gratuitos,
684 1733 711 1790 dt
732 1736 913 1792 conventiones
931 1733 1053 1815 onertrses.
1092 1731 1150 1794 Ra-

156 1805 236 1862 tione
258 1808 384 1879 priorum
411 1812 487 1867 valet
506 1811 551 1879 id,
572 1811 649 1884 quod
673 1810 711 1866 eit
734 1809 928 1869 Audiort'nifi
948 1811 1075 1883 exprelie
1097 1812 1151 1870 eli·

153 1882 223 1949 quid
246 1883 362 1941 ulterius
385 1884 534 1958 proruiffor
555 1886 715 1960 receperit,
735 1899 785 1943 aut
806 1904 841 1943 ex
857 1887 965 1959 negotii
987 1899 1087 1944 nature
1107 1886 1152 1944 in-

154 1957 295 2030 telligatur
321 1961 464 2031 recepisse.
504 1962 611 2019 Verum
634 1963 661 2018 in
684 1961 927 2020 conventionibus
948 1962 1098 2032 onerolis,
1126 1954 1150 2024 ll

152 2030 251 2091 saliam
276 2034 350 2110 spem
371 2050 490 2094 eventus
513 2035 688 2108 destituerit,
709 2036 880 2111 pensandum
905 2038 985 2097 alteri
1000 2037 1046 2105 id,
1067 2039 1155 2116 quod

153 2107 282 2167 interest:
306 2110 372 2170 alius
393 2114 468 2171 enim
492 2115 515 2171 ie
539 2112 609 2170 nihil
631 2114 698 2170 dato
721 2113 765 2169 uel
788 2113 922 2185 promiffo
947 2119 1147 2188 aequipollens

154 2183 390 2260 consequentum
409 2188 490 2259 quod
510 2189 624 2262 quidem
654 2190 857 2245 conventionis
879 2204 983 2265 unturae
1002 2207 1034 2246 ac
1057 2192 1148 2264 scopo

154 2275 301 2332 repugnat.
342 2265 436 2336 litque
460 2280 496 2321 eo
519 2257 596 2336 ipso,
617 2263 695 2337 quod
722 2261 828 2331 adierit
850 2262 971 2320 clausula
990 2275 1039 2321 out
1060 2282 1149 2323 exce·

152 2336 215 2407 ptio
240 2337 466 2410 impossilrilitatIs
488 2355 546 2396 non
570 2339 631 2406 est,
659 2337 749 2395 facilis
778 2354 822 2395 res
854 2336 1011 2395 decimatur
1034 2339 1151 2397 haberi:

151 2409 374 2484 Supponenrlum
407 2427 521 2480 tamen,
549 2412 741 2488 pensationeu
772 2428 832 2471 non
858 2413 1149 2474 inultum-excedere¹

152 2492 274 2558 pretium
294 2490 371 2560 eius,
392 2489 469 2564 quod
485 2488 579 2548 datum
594 2500 641 2546 aut
654 2487 818 2561 promillum
833 2487 883 2544 est.
923 2487 1008 2567 Quod
1031 2492 1050 2549 sr
1066 2493 1144 2551 enim

150 2577 177 2619 e.
200 2581 226 2634 g.
248 2566 328 2621 alteri
350 2565 448 2623 decem
469 2580 571 2622 aureos
601 2564 749 2632 dederim,
771 2575 802 2622 ut
824 2564 949 2623 debitam
972 2567 1040 2625 mini
1064 2567 1143 2625 mille

150 2653 301 2700 atticorum
322 2639 456 2701 summam
478 2640 561 2698 faciat
582 2639 674 2699 solvi:
696 2641 730 2697 ad
747 2640 880 2699 summam
896 2641 1048 2700 refundere
1068 2643 1140 2700 mihi

150 2712 248 2772 decern
278 2730 384 2774 aureos
406 2725 581 2783 terreretur3·
602 2720 670 2788 quin
702 2718 893 2790 utplurimum
916 2718 966 2774 ilie
997 2718 1149 2777 retinendi

149 2789 223 2848 hane
239 2791 389 2861 suminam,
408 2806 456 2852 aut
469 2794 587 2866 petendi
600 2796 644 2865 jus
660 2795 792 2858 haberet,
816 2803 919 2866 utpote
940 2811 1002 2867 quae
1023 2813 1076 2865 pro
1097 2796 1141 2852 in-

147 2864 252 3002 sumta,
280 2870 410 2946 quamuis
438 2866 592 2940 lucellum,
628 2886 715 2946 opera
750 2871 822 2927 loco
846 2868 1054 2945 aequipollentis
1083 2869 1147 2928 effe

171 2956 217 3000 ote
245 2987 252 3002 .

149 2959 236 3078 pSrd
256 3023 293 3093 ὅς’
309 3023 385 3100 super
409 3021 514 3098 telus}
561 3022 608 3081 Sic
630 3041 657 3079 e.
676 3041 703 3098 g.
725 3022 795 3079 nihil
819 3025 1021 3097 proprietarius
1047 3023 1143 3097 potest

148 3101 315 3167 promittere
331 3103 404 3158 circa
425 3105 515 3164 bonu,
537 3117 659 3173 quorum
679 3098 847 3158 ususfrudlus
867 3100 901 3158 nd
916 3102 1035 3162 alterum
1056 3101 1143 3173 perti-

149 3185 217 3242 net,
239 3176 286 3232 vel
300 3179 364 3251 qula
382 3175 437 3249 ipse
452 3177 602 3244 conceffit,
622 3176 668 3234 vel
685 3177 750 3250 quia
766 3192 823 3234 non
839 3176 890 3235 nist
907 3178 1022 3237 subhac
1042 3177 1148 3235 condi-¹

150 3250 230 3306 tione
247 3251 345 3309 endem
359 3255 434 3310 bona
455 3251 483 3306 in
499 3251 586 3323 ipsum
604 3252 777 3312 transserunt.
817 3254 923 3311 Frustra
940 3267 1057 3326 quoque
1070 3268 1140 3324 ope·

147 3342 206 3381 ram
223 3327 297 3383 suam
312 3329 391 3385 alteri
407 3329 499 3385 seruus
516 3328 675 3396 addixerit,
692 3329 825 3399 quamdiu
841 3344 901 3382 eam
923 3327 1051 3396 presenti
1071 3341 1143 3393 prm·

148 3401 219 3458 stare
248 3404 318 3460 uero
344 3403 488 3460 obstriiius
509 3402 562 3459 est:
610 3403 716 3473 Neque
739 3401 858 3457 validius
884 3401 1015 3457 dominus
1036 3398 1141 3459 aedium

149 3479 273 3534 locatum
287 3479 340 3546 inm
363 3476 514 3541 conclaue,
536 3478 702 3551 priusquam
721 3474 901 3535 condulloris
920 3486 1032 3550 tempus
1052 3474 1147 3551 exspiae

149 3553 273 3624 raverit,
295 3554 379 3612 tertio
393 3547 561 3627 promiserit.
1129 3586 1131 3591 s

567 3708 593 3782 i.
628 3709 713 3772 XX.

187 3863 219 3921 In
240 3862 358 3940 custtolet
367 3860 415 3938 sen
427 3860 561 3936 fortuitus
575 3860 599 3936 ]
646 3864 689 3920 Ut
712 3862 732 3920 ss
750 3863 860 3922 dicatur
881 3879 906 3920 e.
929 3879 957 3934 g.
981 3862 1070 3920 ¹Dabo
1088 3855 1145 3921 rili*

147 3953 265 4009 tuntum,
277 3937 305 4014 fi
318 3943 391 3997 intro
405 3939 455 3997 uilo
470 3940 525 3997 diet
541 3956 591 3996 non
610 3938 700 4014 pluet:
720 3952 767 3998 aut
776 3938 804 4015 fl
815 3937 861 3996 dec
875 3955 941 3998 nuno
951 3952 1005 4016 porr
1012 3937 1138 4020 stoceffe·

149 4021 195 4074 rit.
1133 4038 1141 4045 ··

187 4087 358 4162 Poteftetiuur
380 4092 423 4164 leo
445 4094 599 4150 arbitrarius
613 4089 635 4165 ].
684 4092 717 4150 lt.
750 4109 778 4165 g.
799 4090 876 4147 Dulre
897 4093 948 4149 tiit·
966 4088 1089 4160 tanturn,
1116 4088 1144 4169 Ji

148 4172 221 4225 intro
233 4166 276 4235 l'ex
292 4167 386 4243 menoses
400 4187 446 4225 non
471 4167 576 4245 luserit,
595 4171 707 4226 velnolr
723 4166 937 4243 frequentaverit
955 4165 1146 4244 diversorium

149 4255 198 4300 atrt
206 4240 231 4316 fi
252 4243 315 4298 lunc
329 4250 370 4303 uel
385 4249 456 4304 illum
473 4263 579 4302 uxorem
595 4264 643 4304 trun
659 4247 767 4303 duxeris
787 4241 847 4312 &n

181 4317 362 4396 filml'xllsl·
400 4324 430 4387 si
445 4322 552 4385 dicutur
569 4338 595 4380 e.
614 4341 641 4399 g.
668 4321 745 4382 Dolo
763 4324 813 4383 tili
827 4332 932 4384 tontum
944 4321 994 4400 ‚fi
1011 4323 1141 4456 benevoli

153 4427 158 4442 ι
1071 4414 1144 4459 iam
