3034 5509
314 631 406 698 cun
431 618 666 694 Autrttov.
693 616 774 692 Du.
799 617 864 716 Jo.
888 580 1107 701 Binarrn.
1163 648 1235 720 991

238 795 364 862 aliunde
377 804 417 864 ex
435 795 528 862 bonis
545 795 736 862 Auctoribus
757 811 870 861 mutuo
889 791 1067 863 sumantur:
1095 800 1141 866 nil
1157 821 1231 887 pro·

240 881 355 958 hibet,
385 879 527 946 libellum
553 882 650 947 muita
673 879 768 942 bonae
794 877 848 942 fru
870 878 896 945 is
914 880 1105 963 continere,
1136 886 1167 948 dr
1182 888 1233 951 vi·

240 981 310 1028 cern
333 983 404 1028 corn
428 962 514 1027 endii
529 962 680 1027 doetrinae
702 963 741 1026 de
759 961 831 1043 Jute
890 978 991 1027 aturae
1010 965 1048 1030 iis
1066 965 1262 1049 praestares

239 1047 291 1129 qui
309 1047 372 1111 levi
388 983 488 1129 afiqua
508 1045 642 1110 tinctura
660 1045 824 1124 contenti,
842 1043 1003 1110 scientiam
1023 1046 1153 1116 solidam
1167 1067 1233 1118 non
1305 1060 1309 1070 '

238 1128 416 1209 adfectant3
438 1128 546 1212 quales
562 1126 634 1194 sunt
650 1130 744 1194 nimis
763 1126 858 1193 multi
872 1127 1041 1197 auditores.

279 1298 436 1355 Laboraret
451 1297 554 1370 utique
569 1295 667 1370 infigni
683 1292 796 1354 deseiiu
816 1296 934 1366 presens
953 1312 1042 1368 opus,
1065 1299 1111 1354 vei
1135 1302 1232 1374 potius

241 1375 375 1433 durioris
392 1374 478 1448 scopo
498 1390 595 1446 parum
625 1372 744 1428 omnino
767 1370 841 1428 foret
865 1375 1127 1433 accommodatum:
1149 1377 1233 1450 fiqu'r‘·

240 1453 327 1515 dem,
348 1464 379 1507 ut
396 1452 515 1507 innuere
536 1449 600 1505 heic
618 1447 733 1505 uidetur
748 1453 936 1520 Anonymus‚
958 1465 1033 1508 mera
1050 1450 1142 1523 aliqua
1157 1454 1233 1509 Rha·

242 1527 338 1601 psodia
363 1526 447 1594 esset,
462 1522 543 1602 scrpta
567 1521 707 1600 diffiniere,
734 1542 814 1582 ortua
828 1523 886 1601 fine
906 1529 985 1585 coice.
1038 1526 1086 1582 nn
1105 1529 1234 1599 judican-

240 1601 306 1658 dum
321 1620 403 1677 aquo
414 1603 525 1661 Lectori
542 1601 722 1674 reliquerim,
744 1617 779 1657 an
799 1619 855 1660 non
874 1604 901 1659 in
918 1601 998 1660 brevi
1013 1601 1090 1673 hoc,
1110 1607 1232 1677 iamper

242 1690 330 1735 totam
354 1681 414 1736 iere
443 1680 573 1753 Europam
594 1690 665 1735 noto
692 1676 839 1750 systemate
859 1696 922 1737 cum
938 1679 1089 1748 omnibus,
1109 1698 1183 1752 quos
1204 1682 1234 1740 in

239 1754 301 1824 ipso
316 1756 531 1827 deprehendere
548 1755 631 1823 iicet,
649 1753 820 1820 desedimus,
842 1757 871 1813 in
889 1754 1050 1814 universum
1068 1771 1127 1812 turn
1144 1757 1233 1815 solida

240 1829 305 1887 satis
320 1833 473 1905 principia,
497 1846 555 1890 tum
580 1830 663 1888 etiam
681 1829 718 1887 sat
739 1828 847 1904 liquida
875 1832 1127 1890 fundamentorum
1148 1850 1234 1907 pecu·

240 1907 319 1964 iiaris
341 1907 478 1981 cujusque
509 1906 631 1965 materie
663 1920 728 1963 cum
752 1905 852 1965 iisdem
880 1908 1027 1979 principiis
1057 1909 1233 1967 coherentia
1295 1936 1299 1944 ·

240 1982 459 2054 conspiciantur.
497 1985 567 2042 Non
590 1981 722 2054 equidem
744 1981 784 2038 ibi
810 1986 907 2041 omnia
927 1986 1146 2042 Geometrarum
1170 2002 1233 2051 mo,-

242 2058 297 2126 do,
320 2077 370 2129 per
385 2061 571 2131 quaestiones,
595 2057 794 2124 definitiones,
822 2060 981 2127 axiomata,
1002 2059 1155 2118 corollaria
1179 2061 1233 2120 dte.

241 2133 345 2207 digesta
360 2135 438 2195 sunt:
461 2153 559 2193 verum
576 2151 630 2191 nec
646 2135 675 2190 in
689 2133 801 2206 singuiis
818 2135 986 2207 disciplinis,
1008 2135 1123 2194 minime
1138 2149 1235 2197 autem

238 2213 366 2269 omnium
395 2214 422 2266 in
448 2212 516 2278 iilis,
538 2227 601 2284 que
623 2211 695 2264 circa
718 2225 813 2266 mores
834 2226 1031 2282 occupantur,
1057 2213 1154 2280 jeiuna
1183 2216 1232 2270 ilia

238 2287 392 2345 methodus
415 2288 577 2360 requiritur.
616 2281 756 2356 Sufficit,
777 2284 865 2342 modo
889 2286 954 2342 heic
983 2286 1080 2344 animo
1106 2287 1231 2361 quodam

240 2363 443 2427 Geomerrico,
472 2375 604 2419 accurato
624 2377 727 2431 nempe
746 2401 756 2431 ‚
776 2377 862 2434 quem
893 2361 1008 2433 quidem
1035 2360 1093 2433 (3)
1115 2364 1233 2437 prosun-

243 2441 309 2495 dum
332 2437 524 2498 abitranarum
547 2436 722 2495 scientiarum
745 2435 865 2494 studium
888 2453 947 2493 non
970 2436 1078 2509 semper
1099 2440 1234 2496 concilia·

240 2516 331 2586 verit,
353 2513 539 2588 procedatur:
561 2514 634 2570 ordo
657 2527 690 2568 ac
715 2511 899 2585 perspicuitas
932 2511 1029 2571 sedulo
1050 2514 1233 2575 observetur:

237 2592 386 2666 proposito
406 2605 575 2662 argumento
598 2588 689 2663 preffo
717 2587 854 2647 innitatur
878 2587 976 2663 pede:
997 2589 1106 2647 nulium
1130 2593 1234 2668 princi·

238 2670 317 2742 pium
344 2668 460 2738 aiicujus
484 2667 620 2726 momenti
641 2664 688 2723 uel
708 2663 830 2732 falsum,
851 2666 898 2722 vel
926 2665 1065 2737 dubium,
1095 2669 1232 2744 nuiiaque

237 2757 346 2803 temere
369 2743 462 2802 elicita
485 2742 709 2816 consequentia,
736 2737 764 2796 dt
795 2757 858 2813 que
879 2758 937 2799 non
960 2758 1011 2815 per
1032 2744 1170 2817 principia
1198 2745 1234 2802 ad

235 2819 444 2900 primogveiut
467 2820 561 2878 fontes
587 2819 715 2876 revocari
742 2828 849 2891 queat,
878 2816 1052 2877 admittatur.
1098 2821 1232 2879 Instituto

239 2900 317 2969 ejus,
338 2895 418 2970 quod
436 2899 604 2969 Anonymus
620 2891 753 2951 adversus
770 2892 900 2951 nonoris
921 2894 1057 2968 principia
1078 2896 1150 2954 insra
1169 2915 1233 2957 mo·

237 2988 303 3043 ret,
325 2973 471 3039 examine,
494 2970 602 3049 liquido
618 2986 664 3026 me
677 2968 853 3026 ostensurum
870 2968 967 3045 spero,
989 2970 1037 3027 ista
1050 2972 1128 3030 strnui
1143 2975 1232 3033 sumta

236 3048 390 3108 firmissimo
406 3049 458 3104 niti
474 3047 669 3106 fundamento.
710 3046 747 3103 Et
763 3047 841 3116 quod
861 3046 897 3103 ad
919 3048 1135 3124 consequentias
1161 3054 1234 3110 adti-

236 3139 301 3187 net:
319 3125 485 3191 evolvatur,
507 3124 700 3198 qnodcunque
714 3121 855 3189 lubuerit,
876 3137 977 3198 caput:
998 3142 1066 3183 mox
1081 3126 1230 3200 professe,
1284 3135 1292 3150 ⁹

235 3200 390 3262 fiadtentis
413 3201 501 3258 modo
515 3201 606 3258 ocuiis
628 3199 781 3273 perietium
804 3198 905 3268 fuerit,
927 3201 1019 3274 palam
1038 3201 1104 3270 fiet,
1125 3205 1233 3262 Auito·

230 3296 296 3338 ‘rem
319 3281 358 3336 ibi
382 3277 535 3335 summatim
558 3281 630 3334 ciret
652 3276 775 3348 aliquam
798 3276 964 3342 veritatem,
993 3295 1027 3333 ex
1049 3282 1229 3350 generaiibus

237 3357 325 3414 totius
342 3356 437 3428 operis
457 3354 602 3426 principiis
617 3352 664 3407 vei
685 3351 864 3415 immediate,
885 3350 930 3405 vei
947 3352 1070 3408 mediate
1087 3353 1233 3425 profluere·

237 3443 313 3499 tem,
335 3429 476 3486 disserere.
515 3429 583 3484 Hoc
607 3425 817 3489 demonstrare,
839 3423 909 3480 tetta
925 3426 1043 3497 anaiysr,
1065 3426 1230 3492 facillimum

236 3508 328 3564 soret:
349 3505 387 3562 ast
406 3506 434 3561 in
451 3503 564 3561 nimiam
581 3500 685 3559 molem
703 3516 772 3558 meae
788 3497 1003 3560 observationes
1017 3507 1229 3569 excrescerent:

238 3583 374 3655 iiiamque
404 3579 570 3653 subjungere
599 3579 655 3649 jam
681 3577 779 3642 iiiito,
801 3576 879 3648 qnod
901 3577 947 3636 vel
972 3597 1017 3636 me
1033 3580 1230 3653 supersedente
1271 3595 1276 3604 ’

234 3659 373 3732 suscipere
404 3657 481 3715 iiiam
512 3657 618 3715 Leston
651 3652 727 3713 uitro
754 3654 910 3730 potuerit,
946 3655 1150 3733 supervacuum
1169 3664 1229 3721 exi·

235 3735 330 3794 stimo.

196 3934 199 3942 ‚
272 3893 323 3980 *§.
348 3893 388 3959 II:
421 3893 575 3979 Optarem
598 3905 726 3973 tamen,
757 3891 879 3959 exstare
904 3892 1035 3975 aliquid
1052 3895 1170 3964 firmius
1195 3900 1227 3970 dt
1299 3942 1301 3945 -

232 3979 411 4064 efficacius,
433 3980 518 4066 quod
536 3976 655 4107 lucidas
675 3975 903 4064 secundasque
919 3978 1121 4048 definitiones
1136 3984 1228 4133 {igqi-

234 4251 403 4374 „amm
423 4252 546 4319 ‘intimi
563 4252 774 4305 trumentum·
784 4246 835 4301 Du.
851 4248 993 4303 caournzrt
1012 4249 1039 4304 dr
1055 4252 1156 4306 erilium
1168 4254 1228 4308 m.

260 4333 270 4367 ⁰
355 4342 378 4367 ⁸-
609 4365 612 4371 ,
647 4346 650 4351 ‹
714 4354 716 4359 ,
