3034 5509
416 606 472 696 gira
504 603 603 682 Srttr
637 573 926 715 Porssrarroonn
956 606 1049 700 Lrs.
1070 607 1099 687 1.
1176 637 1251 708 95,

697 780 724 853 t.
763 779 798 840 x.

287 940 318 1028 rii
325 941 369 998 oei
376 938 477 1013 portent
484 936 682 1029 duntaxatyori
689 934 779 1022 dicos,
788 942 838 994 eut
847 934 988 1013 ambiguo}
998 935 1247 1029 Quemadmodum

251 1017 319 1078 secrt
339 1035 363 1073 e.
384 1033 412 1090 g,
441 1017 591 1075 Romanus
615 1013 693 1083 alle,
721 1028 770 1087 qut
797 1012 870 1086 post,
886 1011 1039 1091 Cannensem
1066 1030 1187 1090 pugnarn
1214 1024 1249 1078 ab

252 1095 387 1152 Annibale
409 1104 474 1150 cunr
502 1060 614 1156 noveni
638 1088 699 1146 aliis
721 1087 900 1147 nobtttffinris
921 1094 1039 1163 captivis
1064 1092 1170 1152 Renum
1190 1097 1256 1153 mis-

250 1170 321 1241 sus,
352 1187 386 1228 ea
409 1168 500 1242 lege,
524 1170 611 1245 utrin
637 1162 723 1241 ceoslro
744 1162 797 1242 suo
818 1165 953 1226 redirent:
979 1169 1065 1241 paulo
1086 1178 1147 1243 poll
1170 1188 1255 1246 qnam

250 1245 371 1319 egressus
395 1260 455 1304 crat
478 1262 514 1304 ex
528 1243 648 1320 (eastris,
682 1241 785 1312 rediit,
805 1243 880 1317 quass
903 1243 1012 1318 aliquid
1037 1246 1105 1305 esset
1127 1246 1252 1306 oblitus:

247 1324 362 1398 hocque
381 1320 474 1380 reditu
485 1323 522 1390 ip‘
532 1317 619 1378 castra
647 1317 797 1390 liberatum
819 1317 847 1374 sc
872 1319 928 1377 else
952 1320 1137 1390 jurejurando
1165 1325 1252 1382 inter·

245 1400 416 1474 pretabatur.
457 1390 530 1456 Vide
547 1393 652 1454 crcrr.
673 1395 703 1455 de
724 1389 805 1466 Offic.
824 1396 871 1453 lib.
890 1395 942 1455 lls.
961 1409 1019 1471 oep.
1039 1414 1085 1469 32.

286 1476 346 1532 Aac
368 1475 475 1533 tacitum
498 1470 652 1547 procuden}
691 1473 727 1532 li.
753 1489 781 1546 g.
810 1470 975 1546 staliquis,
1009 1478 1058 1549 qui
1088 1475 1174 1534 licere
1192 1475 1244 1536 sibi

246 1552 396 1609 arbitratur
414 1551 442 1607 iu
458 1552 591 1609 omnibus
611 1564 644 1606 ac
670 1564 721 1623 per
744 1548 839 1606 omnia
862 1550 1002 1619 eiusmodi
1023 1551 1245 1612 restrictionibus

247 1628 362 1697 irnpune
383 1625 445 1695 uti,
465 1622 674 1700 interrogetur:
696 1643 731 1682 en
756 1623 822 1682 lunc
846 1623 971 1684 bominem
993 1621 1039 1698 isle
1058 1625 1172 1686 occidis?
1198 1647 1247 1689 au·

247 1701 339 1758 daiter
354 1703 553 1774 respondebit:
574 1720 625 1760 non
641 1701 753 1760 occidit:
772 1699 1039 1777 subintelligendo,
1051 1702 1176 1781 sclopeto,
1198 1717 1247 1765 aut

246 1780 293 1836 iilo
306 1776 348 1834 die
362 1780 407 1835 att
420 1779 481 1837 lara
504 1775 565 1850 &a
586 1797 649 1854 qua
665 1775 852 1855 exceptiones
867 1777 946 1856 sequi
961 1794 999 1839 ex
1014 1783 1080 1840 solis
1098 1783 1248 1841 vocabulis

245 1869 389 1927 nunquam
405 1854 528 1930 poliunt.

584 2005 772 2067 Casum
829 1987 900 2066 XI.

665 2158 822 2234 §.IIL

276 2311 510 2387 Wndiiiomsuam
528 2313 558 2371 in
579 2307 654 2385 ssom
672 2303 824 2384 potifflrnum
843 2328 896 2370 rem
914 2310 1048 2389 exstent}
1087 2312 1134 2374 stc
1161 2335 1187 2376 e.
1206 2337 1236 2393 g.

240 2404 300 2447 non
329 2392 496 2455 dubitabant
523 2387 649 2460 primaeui
670 2381 813 2460 Christiani
831 2385 923 2456 jurare
940 2387 1106 2464 persolutem
1134 2405 1183 2449 aut
1198 2398 1241 2452 in·

240 2467 416 2525 columitatem
445 2461 559 2541 easorts.
604 2462 677 2521 Vide
706 2462 921 2537 Tanauatrrtn.
944 2467 1082 2542 Apologos.
1109 2479 1163 2543 cop.
1193 2464 1240 2539 aa.

240 2542 287 2600 Ad
308 2559 393 2616 qrrern
416 2539 479 2599 sete
497 2541 581 2598 etiarn
603 2539 719 2598 ruodutn
739 2536 863 2617 Joseplrus
882 2544 910 2599 in
934 2543 1032 2599 Veteri
1055 2544 1243 2604 Testamenta·
1270 2568 1272 2571 ·

240 2619 463 2687 deprehenditur
481 2620 593 2688 jurare:
609 2628 655 2689 per
668 2613 787 2692 salutern
810 2618 964 2678 Pharaonis.
985 2619 1088 2680 Geucs.
1112 2633 1169 2695 cap.
1191 2618 1239 2694 42²¹.

239 2709 309 2752 uers.
328 2710 373 2765 ις.
405 2694 466 2751 Ulai
483 2692 550 2752 tide
564 2691 732 2752 Curricuar.

263 2783 268 2817 x
684 2850 709 2922 t.
751 2810 822 2909 vr.

274 2999 351 3081 Quod
365 2997 523 3076 supponitur
532 2997 554 3076 ].
594 2997 665 3057 Haec
686 3001 761 3061 ratiti
784 3016 847 3059 non
872 3001 988 3061 videtur
1002 3000 1168 3072 *admodum
1194 3023 1237 3064 re·

236 3077 294 3144 ὡς
316 3089 363 3135 aut
388 3076 484 3141 saltem
508 3079 599 3134 minus
622 3078 696 3136 reste
718 3077 844 3151 expressa
868 3076 918 3135 cst.
958 3078 1065 3154 Saepius
1080 3082 1156 3139 enirn
1170 3083 1235 3156 quis

234 3159 309 3227 jurat
323 3166 408 3228 atque
424 3152 531 3226 obligat
552 3152 579 3208 se
594 3151 673 3211 lirnul
686 3152 720 3212 etl
737 3152 867 3229 aliquid3
888 3153 928 3211 ira
947 3167 978 3212 ut
1004 3152 1058 3230 ipsa
1076 3149 1235 3230 protdiffio·

235 3232 278 3288 nis
300 3233 387 3287 verba
405 3229 596 3298 juramentum
619 3230 792 3291 involvant:
814 3244 846 3289 ut
865 3229 1027 3289 sidicatur:
1045 3237 1168 3306 promitto
1183 3234 1236 3291 tibi

234 3325 319 3366 coram
340 3306 410 3376 Deo,
431 3324 470 3363 nte
489 3307 518 3362 in
543 3307 585 3364 tui
603 3309 722 3383 gratiam
744 3307 790 3364 doc
806 3308 856 3364 'uel
875 3307 942 3363 illud
956 3306 1123 3379 fusurum:
1143 3307 1232 3364 adeo·

233 3397 373 3459 querunt:
391 3382 504 3456 concipi
527 3382 666 3454 obligatio
685 3384 877 3450 juramentum
896 3381 1085 3451 antecedens,
1109 3400 1142 3440 ac
1160 3385 1232 3442 citra

233 3459 396 3528 religiosum
411 3455 491 3514 lirum
507 3457 596 3513 aiiurrr
611 3456 721 3528 valida,
741 3472 801 3514 non
819 3453 923 3530 potest.
962 3457 1069 3515 Verum
1089 3457 1149 3518 traec
1172 3459 1233 3517 seu·¹

235 3531 330 3591 tentiae
354 3532 485 3592 Auctoris
508 3531 610 3598 nostri,
631 3549 715 3606 quam
738 3533 862 3592 maxime
877 3532 1096 3594 consentaneam
1117 3534 1233 3597 veritati

234 3610 346 3678 habeo,
367 3625 435 3667 vera
460 3625 492 3666 ac
514 3610 628 3682 propria
654 3608 694 3668 est
708 3609 800 3669 ratio:
819 3608 898 3686 quod
920 3609 970 3668 etsr
987 3609 1098 3678 juretur
1117 3625 1151 3667 ac
1164 3627 1234 3670 coa·

236 3687 362 3744 trahatur
388 3686 526 3758 obligatio
546 3684 641 3759 fimus,
660 3689 851 3758 juramentum
878 3698 973 3744 tamen
993 3685 1106 3745 ratione
1123 3687 1232 3762 obliga·

233 3764 321 3822 tionis
337 3761 488 3837 semperrse
504 3762 622 3834 habeat,
642 3777 674 3823 ut
691 3762 772 3822 modi
786 3764 834 3822 vel
859 3759 1019 3822 accidentia
1037 3764 1149 3822 ratione
1170 3763 1234 3822 sub·

233 3840 356 3910 stantia,
377 3843 446 3899 citra
460 3855 545 3914 quarn
563 3837 705 3899 subsrstere
720 3853 878 3914 nequeunt.
916 3839 1075 3901 Enimvero
1095 3842 1234 3912 jusjuran-

233 3917 299 3975 dunr
320 3932 379 3975 non
405 3914 455 3987 nist
475 3931 510 3987 ,ut
525 3915 707 3974 accessorium
734 3915 851 3992 aliquod
867 3916 1038 3975 confiderari
1051 3917 1162 3992 potest,
1185 3918 1232 3976 ad·

233 3993 353 4052 hibitunr
376 3994 411 4053 ad
436 3991 661 4052 confirmandum
684 3993 815 4069 pallum,
833 3995 912 4067 quod
928 3993 1003 4069 inire¹
1021 3992 1047 4052 se
1060 3996 1124 4069 quis
1146 3994 1231 4070 profi·

233 4076 317 4131 tetur.
359 4071 527 4142 Deo,'cunt
549 4067 626 4129 testis
652 4072 818 4131 invocatur.
839 4069 909 4128 nibil
932 4071 1132 4144 promittitur:
1160 4076 1229 4134 atras

233 4145 308 4205 enim
324 4148 396 4218 inter¹
410 4160 511 4207 votum
534 4164 567 4209 ac
582 4150 773 4220 juramentum
793 4144 863 4203 nihil
886 4146 1076 4207 intercederet
1097 4146 1232 4208 discrimi-

232 4220 293 4280 nis:
314 4221 428 4285 &uude
451 4224 628 4291 constiterit,
649 4224 717 4282 Deo
737 4221 879 4296 eiusnodi
900 4222 1032 4298 promissa
1052 4226 1167 4300 probari
1189 4235 1231 4284 ato

231 4312 289 4373 que
308 4301 473 4391 ‘receptorii
493 4302 569 4374 uda
584 4316 620 4365 ex
639 4317 699 4378 quo
719 4302 853 4379 prelum,
880 4301 959 4374 cujus
981 4302 1130 4369 inventus
1147 4303 1231 4386 Deus

1152 4377 1230 4439 renos
1311 4438 1314 4444 .
