3034 5509
248 614 323 698 Μ
461 591 604 676 Noun
630 600 696 697 Jo.
728 590 1041 677 ur-rnrrur'crr
1066 611 1076 659 -’

252 776 342 842 titus,
359 775 443 834 elteri
475 793 553 852 eque
575 776 707 850 imperito
731 774 835 851 spuriae
861 790 986 849 gemmae
1012 778 1065 850 pto
1080 773 1247 848 genuinis,

254 865 307 910 ¹eut
322 855 385 910 uice
400 851 491 915 verset
512 866 560 910 aut
576 853 703 910 indotius
719 854 824 926 pariter
836 851 951 908 indocto
966 852 1109 925 egregium
1129 851 1251 924 aliquod

252 929 497 999 Manuscripturn,
518 930 714 986 intrationem
731 929 832 986 librum
848 925 1017 984 vendiderit.
1047 927 1103 984 Sed
1121 928 1182 984 fieri
1198 944 1254 1002 po·

257 1003 337 1072 test,
350 1015 382 1061 ut
397 1002 467 1061 aiter
483 1016 590 1062 tantum
609 1003 840 1062 contrahentium
858 1002 1031 1074 decipiaturr
1050 1004 1088 1059 ite
1105 1017 1204 1060 tamen
1220 1015 1254 1061 ut

259 1079 375 1137 ulterius
397 1077 481 1137 d'oius
502 1095 561 1136 non
582 1078 747 1142 intercedat.
793 1082 918 1154 Hocque
943 1077 1039 1154 locunt
1065 1078 1185 1148 habet,¹
1202 1079 1254 1136 ubi

258 1170 325 1224 res,
345 1154 457 1226 deque
477 1157 672 1227 contrahitur,
692 1156 838 1214 indefinite
860 1151 1165 1228 tanturn-defiguntur:
1185 1153 1257 1212 utsr

258 1230 371 1294 ¹dicatur
386 1249 394 1287 :
409 1243 536 1304 ¹querutum
547 1235 613 1307 petis
622 1244 669 1306 pro
682 1231 751 1289 huc²
782 1245 867 1305 atque
887 1229 954 1289 aliae
971 1229 1056 1287 etiarn
1076 1228 1133 1304 ipsa
1155 1233 1191 1287 ad
1207 1239 1256 1287 ees

262 1324 309 1365 res
322 1306 462 1380 pertinet,
485 1326 601 1383 quarum
622 1309 704 1366 vaide
725 1309 815 1365 variat
827 1309 967 1380 pretium,
986 1305 1142 1379 pluresque
1160 1307 1258 1384 diver·

263 1383 379 1442 nffimos
400 1385 501 1459 recipit
517 1386 632 1456 gradum
660 1401 723 1443 num
747 1382 767 1440 fi
787 1383 900 1440 stannea
922 1381 1013 1452 pelvis
1031 1397 1066 1438 e.-
1078 1398 1108 1455 g.
1133 1397 1189 1454 pto
1213 1400 1257 1440 ar·

262 1475 366 1532 gentea
382 1457 553 1521 sumereturt
568 1461 632 1520 sane
647 1459 752 1534 insigne
767 1460 835 1516 iilud
852 1457 998 1514 discrimen
1014 1458 1161 1514 constituti
1178 1458 1257 1529 hisce

262 1534 383 1669 metasiiis
402 1538 509 1609 pretii,
530 1536 656 1600 fraudem
671 1540 701 1599 in
722 1536 859 1615 alterutro
878 1532 1111 1612 contrahentium
1130 1533 1258 1593 neceffa.

257 1627 310 1683 'uo
341 1625 545 1686 opponeret·
610 1620 613 1628 '
762 1618 766 1628 ’
804 1622 807 1629 ·
884 1620 886 1625 “
1239 1625 1242 1629 ’

605 1777 609 1783 ·
667 1723 864 1854 §.nir-1.

302 1913 419 2004 Quodfi'
432 1926 490 1999 quis
503 1924 558 1983 doio
579 1921 618 1994 δ’
635 1921 794 1999 malitiosa}
841 1920 933 1979 Detur
947 1915 1030 1994 fraus
1036 1915 1170 2051 spesttiuut
1192 1932 1258 1975 cunr

262 2014 369 2073 nempe
390 2001 553 2059 immediate
574 2002 654 2074 quis,
689 2001 735 2056 vel
758 1997 880 2057 medidie
904 1995 1010 2072 aliquid
1048 1997 1122 2062 acit,
1144 2011 1207 2068 quo
1223 1991 1259 2067 ad

262 2074 507 2145 ermemirum,
539 2074 617 2150 quod
643 2092 702 2132 non
725 2074 782 2140 eii,
810 2073 979 2148 promittens
996 2069 1040 2127 vei
1054 2071 1202 2144 paciscens
1220 2073 1259 2126 in·

265 2152 394 2209 ducitur:
419 2163 445 2207 e.
468 2169 494 2224 g.
516 2151 613 2224 siquis
629 2150 725 2208 fulsum
741 2149 917 2209 adamantem
940 2161 1079 2220 provere
1103 2146 1259 2205 exhibeat:

261 2222 361 2284 'trutfi
394 2231 485 2303 verbo
514 2229 629 2301 quidem
663 2242 721 2284 non
755 2229 867 2301 proiato
893 2222 1028 2282 adfectata
1056 2221 1261 2295 expositione,

264 2316 315 2363 aut
334 2302 387 2360 alia
413 2306 543 2378 quapiam
567 2304 667 2362 callida
693 2305 805 2361 ratione
832 2300 992 2370 efficiatur,
1019 2312 1051 2358 ut
1074 2303 1159 2356 merx
1188 2297 1261 2354 aiios

261 2378 348 2454 piune
363 2379 470 2455 eoloris
485 2393 533 2438 aut
552 2380 842 2454 qualitatis'videdtur
856 2390 873 2447 ,··
886 2395 917 2434 nc
937 2375 1035 2432 revere
1055 2373 1103 2432 est.
1145 2375 1259 2431 Verum

263 2454 307 2512 est
321 2454 493 2532 eltitmfrcus
507 2451 651 2534 negativae
674 2458 790 2530 quando
812 2455 914 2513 scilicet
937 2452 1092 2508 reticentur
1112 2463 1161 2509 eut
1187 2449 1260 2506 diffi-

265 2529 409 2588 muiantur
423 2533 574 2592 effentiaiiu
596 2533 721 2608 quedam
738 2543 899 2590 momente:
927 2527 1012 2599 idque
1034 2525 1092 2583 iive
1106 2525 1260 2583 eonsilium

264 2617 332 2662 unte
353 2605 438 2666 fuerit
455 2608 631 2683 decipiendir
657 2608 713 2666 sure
733 2608 789 2678 jem
808 2619 914 2664 tautum
937 2618 1062 2660 errorem
1087 2601 1208 2660 alterius
1230 2602 1259 2660 iu

264 2697 328 2739 rem
344 2683 407 2754 quis
421 2685 495 2742 suam
518 2697 626 2743 vertet:
653 2695 684 2740 ut
706 2683 730 2740 sr'
741 2683 875 2740 venditor
898 2697 923 2738 e.
945 2695 970 2752 g.
992 2684 1132 2737 eniterent
1148 2677 1257 2752 spurios

265 2773 389 2831 gemmas
413 2761 466 2833 prd
487 2763 617 2836 genuinis
640 2774 740 2835 capere
755 2759 959 2833 'conspitienm
984 2755 1065 2815 iiiutn
1098 2755 1134 2812 de
1156 2767 1259 2824 errore

262 2849 326 2892 non
348 2836 595 2896 commonefaciat.
673 2853 676 2860 ’
768 2849 771 2855 ·
825 2851 829 2857 ·
1027 2836 1029 2840 ’

305 2909 448 2986 Negotium
463 2913 541 2987 erici.
582 2913 679 2971 Modo
708 2913 821 2986 quidem
845 2912 933 2978 ratio,
961 2926 1023 2985 que
1056 2907 1258 2966 intercedente

264 2982 349 3054 hujus
373 2989 448 3043 tertii
472 2989 541 3048 doio
562 2992 615 3046 nos
630 2989 663 3045 ad
677 2989 898 3065 promittendum
912 2998 966 3042 aut'
982 2984 1180 3057 paciscendum
1198 3001 1260 3044 mo·

264 3075 335 3130 ¹vet,
355 3063 462 3121 nullent
486 3082 547 3122 curn
572 3066 628 3137 ipse
653 3066 849 3123 conventione
868 3061 1050 3131 neceffurium
1076 3077 1186 3118 nexum
1212 3061 1261 3117 ha·

264 3136 341 3193 beat.
380 3138 469 3214 Quod
492 3141 510 3198 fi
531 3140 604 3199 enirn
636 3140 662 3198 ε’.
686 3159 712 3216 g.
733 3153 853 3213 eccepto
875 3141 980 3197 nuncio
1008 3153 1108 3196 omncs
1131 3137 1206 3194 mihi
1231 3153 1261 3196 e.-

265 3227 341 3284 quos
356 3214 481 3286 periiss'e,
502 3217 572 3273 aiios
589 3217 767 3283 eoeneum,
787 3211 882 3273 addita
902 3214 1024 3288 expressa
1042 3211 1261 3272 hec'ciausuie:

258 3285 388 3364 fiqrridern
408 3291 452 3362 id,
479 3293 544 3367 quod
559 3287 684 3363 mihies}
702 3294 874 3357 nunciatum,
902 3307 992 3350 uerum
1008 3287 1117 3366 fuerit:
1135 3305 1177 3346 ex
1197 3302 1259 3365 quo

257 3365 364 3424 ⁴folium
379 3369 510 3427 nuntium
528 3369 730 3444 deprehendo,
750 3368 907 3426 contraitur
925 3367 1051 3427 redditur
1066 3367 1189 3429 irritus3
1208 3361 1261 3423 iei-

264 3451 306 3498 νο
325 3445 433 3501 interea
449 3443 604 3505 venditoris
620 3445 751 3503 aduersus
766 3462 849 3516 eum,
868 3446 917 3519 qui
932 3462 977 3503 ure
992 3443 1160 3517 deceperat,
1180 3443 1261 3514 jure.

268 3522 272 3531 '
304 3523 363 3577 Aut
385 3521 491 3598 iefiouis
506 3522 675 3601 perfectionem
695 3521 831 3599 exigere}
878 3520 965 3600 Quod
990 3517 1008 3579 fi
1033 3520 1177 3590 deceptor
1200 3515 1260 3592 ipse

266 3597 296 3656 se
315 3596 459 3670 decepeiit
474 3615 586 3673 ,··puta‚
608 3600 630 3656 si
645 3597 821 3663 existimans,
850 3597 876 3656 se
894 3613 946 3673 pro
961 3611 1032 3654 uero
1048 3593 1146 3668 iepiiio
1163 3597 1263 3657 minue

266 3672 421 3747 genuinum
436 3686 483 3732 aut
501 3675 632 3749 pyxidem
648 3674 821 3749 chalybejam
837 3674 955 3750 poiitnm
972 3689 1025 3745 pro
1040 3678 1175 3745 argentea
1189 3685 1265 3728 ven·

268 3750 353 3818 dere3
371 3749 425 3817 iam
441 3767 476 3808 ex
493 3765 589 3807 errore
611 3750 788 3807 adamantem
805 3753 917 3822 majoris
933 3748 1034 3823 pretii,
1053 3762 1103 3805 aut
1118 3748 1261 3818 pyxidem

268 3825 426 3884 'confectam
443 3841 476 3884 ex
495 3841 612 3897 argento
634 3825 765 3900 puriore,
792 3844 826 3884 nc
841 3840 934 3886 emtor
954 3823 1144 3898 exipeiiabnt‚
1168 3823 1263 3893 tradi-2

166 3907 169 3910 “
268 3903 364 3961 derite'
379 3900 429 3967 iste
444 3902 624 3977 freuduleuto
641 3903 792 3961 mercatori
810 3903 911 3976 'neque
932 3902 967 3959 od
987 3895 1188 3958 restituendum
1209 3902 1264 3958 ress

268 3988 353 4056 eepto
376 3979 468 4059 pretio
496 3980 690 4047 adamantem,
713 3993 761 4037 aut
783 3980 934 4053 pyxidem,
962 3994 1056 4051 neque
1074 3969 1263 4045 adiuppien-

269 4054 355 4126 dum,
374 4055 452 4126 quod
470 4055 542 4124 justo
559 4058 653 4129 pretio
668 4055 758 4122 deest,
780 4056 944 4128 obligatur:
971 4055 1076 4127 quippe
1099 4053 1145 4109 iiie
1165 4051 1262 4122 jacto·

268 4143 326 4195 rem
345 4132 442 4201 utique
466 4145 588 4190 meretur
604 4132 661 4206 pati
678 4170 687 4198 ‚
715 4147 777 4204 quae
792 4132 841 4189 sibi
863 4143 962 4202 preter
977 4130 1167 4188 intentionem
1183 4132 1262 4190 acci-

181 4209 183 4213 ’
267 4202 328 4301 dit,
347 4205 412 4296 dum
425 4207 539 4274 alterius
559 4207 704 4284 dispendio
718 4207 819 4284 injuste
832 4209 963 4284 cupiebat
976 4204 1155 4282 locupletati.
1179 4279 1209 4342 T

321 4296 348 4307 ·’
666 4299 670 4310 ’
703 4326 708 4333 .
1043 4306 1047 4318 ·
1204 4300 1262 4347 act·
