3034 5509
284 580 341 719 AB
364 636 485 751 'lirin'
510 624 797 716 Pnrnrt'non'r.
823 637 919 712 er.
937 629 974 751 ¹L·
1070 630 1148 726 961
1195 640 1198 645 ’

145 825 227 874 motu
241 818 323 883 liunt,
347 837 381 877 ac
395 806 465 876 cltra
480 814 591 889 plenam
607 813 854 878 deliberationem.
889 808 978 882 Vide,
999 826 1061 886 quae
1081 807 1139 869 <lut

144 893 181 950 ad
198 893 278 969 Opus
299 895 395 968 Maius
417 895 435 958 l.
458 909 482 952 c.
502 905 555 950 nor.
576 909 603 952 2.
844 925 848 934 ·

516 1050 523 1065 ·
588 1044 692 1120 prr.

141 1212 144 1217 ·
178 1197 302 1281 Quodam
317 1201 390 1268 ‚enim
409 1196 532 1275 prorniffir
548 1199 680 1272 pullisque
698 1197 832 1256 adduntur
840 1196 862 1270 l.
902 1197 971 1256 Haec
991 1203 1127 1261 vocantu

131 1274 285 1346 juramenta
297 1274 475 1356 promrfflriu:
496 1277 604 1348 reliqua
625 1276 779 1350 juramenta
791 1274 940 1352 adjutoria.

438 1406 661 1486 ‘Cnrur
704 1428 806 1488 Xll.

591 1583 618 1658 l.
656 1585 680 1643 1.

176 1735 248 1794 Citra
258 1746 395 1809 peccatum
408 1746 494 1794 tamen
514 1737 546 1795 al
566 1735 665 1796 humine
684 1738 737 1795 ribi
753 1737 830 1814 carisa
847 1738 997 1797 occiduntur
1018 1728 1056 1806 δ’
1074 1746 1133 1795 cuir⁴>

125 1807 300 1887 sumunrnrl.
343 1813 454 1875 Etenim
484 1829 507 1870 r.
533 1829 598 1872 curn
621 1812 752 1873 destituta
773 1817 886 1872 rarione
909 1812 1039 1873 animalia
1062 1813 1133 1885 sint,

136 1888 204 1945 citra
219 1905 302 1962 quam
317 1888 362 1958 ius
378 1888 423 1944 vel
440 1887 580 1962 obligatio
602 1891 720 1963 proprie
738 1888 776 1946 fic
795 1891 867 1948 ditia
888 1889 1002 1962 concipi
1017 1891 1133 1960 nequit:

135 1963 202 2020 inde
219 1963 328 2021 nullum
344 1962 507 2022 homInibus
530 1965 686 2022 intercedit
706 1981 770 2023 cunr
792 1965 960 2023 animalibus
981 1963 1050 2036 legis
1066 1981 1134 2023 con·

135 2038 262 2098 sortium.
301 2057 329 2097 a.
349 2039 450 2101 Morte
466 2041 632 2099 animalibus
649 2040 719 2099 nihil
741 2042 890 2110 adimitur;
908 2051 1047 2116 percunte
1068 2055 1136 2100 cum

135 2131 257 2188 corpore
280 2115 338 2189 ipsa
359 2132 459 2173 eorum
478 2117 582 2176 anima.
623 2132 650 2187 3.
677 2117 738 2175 Nisr
760 2117 960 2176 occideremur
982 2114 1132 2185 animalia,

132 2190 161 2246 in
176 2192 273 2265 primis
289 2203 429 2250 certarum
446 2191 620 2264 specierum,
635 2195 734 2265 generi
749 2192 874 2250 humano
894 2207 993 2249 eorum
1009 2189 1135 2247 multitu·

95 2296 98 2303 ·
132 2265 173 2324 do
196 2270 224 2325 in
248 2267 401 2340 perniciem
423 2264 545 2326 cederet.
586 2268 673 2326 Unda
693 2268 759 2325 heic
780 2267 923 2325 suffecerit
946 2265 1036 2322 vitare
1058 2263 1151 2335 laeni-¹

135 2345 223 2413 tiam,
245 2358 307 2415 quae
326 2343 437 2400 rarione
451 2357 609 2415 pravorum
624 2341 793 2411 effectuum,
815 2343 864 2416 qui
883 2354 1052 2417 promanare
1066 2339 1133 2397 inde

132 2419 162 2476 in
179 2421 311 2476 homines
326 2429 451 2490 queunt,
473 2417 600 2477 deterior
620 2419 678 2489 eli,
698 2436 783 2493 quam
807 2421 920 2476 ratione
935 2417 1059 2492 ipsorum
1072 2414 1135 2480 ani.
1149 2432 1159 2440 ··

131 2496 263 2567 mallum,
286 2497 392 2570 quibus
410 2493 479 2552 citra
494 2495 689 2557 necelliratern
704 2493 789 2554 dolor
802 2493 938 2554 adfertur.

571 2650 597 2724 l.
636 2651 692 2711 ΙΙ.

151 2879 158 2891 ι
173 2799 278 2862 Placuit
290 2799 313 2878 ].
354 2803 399 2865 Aa
415 2804 472 2863 hoc
488 2805 575 2877 ipsun
592 2804 850 2866 conventione'vel
865 2801 1007 2880 exprella,
1028 2803 1075 2862 rel
1092 2815 1135 2865 tas

132 2892 189 2936 crta
207 2897 279 2955 opus
304 2897 361 2940 non
379 2881 443 2940 fuir.
481 2881 531 2957 Jus
556 2884 662 2957 quippe
686 2882 771 2956 prlnri
793 2880 959 2954 occupantis
978 2896 1016 2956 er
1040 2883 1133 2943 interr-

131 2956 597 3092 il’iiil'iuliliilillim
613 2959 791 3092 illini
815 2958 1134 3090 milituln

132 3106 267 3166 hactenus
289 3051 382 3180 sunt?
398 3051 665 3183 ddprehllrlndeondrln,
679 3048 1134 3184 equantldudetlrorumppolrd

130 3182 192 3242 lant
205 3187 395 3256 necessitates,
419 3186 605 3261 relinquatur.
648 3188 722 3250 Vide
739 3185 775 3246 ad
796 3185 822 3260 J.
842 3186 885 3250 N.
902 3184 929 3244 dt
946 3186 983 3245 G.
1004 3184 1064 3245 Lib.
1079 3183 1130 3248 W·

128 3272 188 3334 cap.
203 3279 230 3336 4.
251 3267 276 3341 q.
296 3280 325 3338 4.
345 3273 397 3324 nrt.
419 3279 448 3337 4.
468 3264 529 3323 adae
547 3263 626 3325 Edit.
1121 3272 1124 3277 '

586 3418 612 3492 r.
651 3419 739 3476 111.

167 3568 232 3647 Nifi
249 3569 404 3646 quatenus}
443 3571 486 3628 Ut
506 3567 525 3627 li
546 3569 628 3630 alteri
649 3566 811 3630 concellum
832 3568 921 3628 fucrit
937 3569 983 3641 jus
1007 3567 1127 3643 aliquod

123 3647 288 3729 servitutis,
308 3662 355 3706 aut
369 3643 548 3724 risuq'ruilur,
570 3660 618 3705 aut
641 3645 854 3724 empleyteuseos‚
870 3658 917 3702 aut
926 3643 1007 3722 feudi
1020 3643 1080 3716 &u

171 3727 222 3784 Sed
234 3727 312 3783 certis
327 3727 457 3782 limitibus
478 3722 695 3802 circumscriptum
707 3738 754 3800 per
770 3725 903 3800 imperium
924 3727 1006 3782 ciuile
1019 3723 1041 3798 l.
1079 3721 1128 3782 sie
1238 3760 1242 3765 ·

132 3802 246 3862 ademta
268 3802 307 3859 est
330 3801 446 3878 prodigis
468 3801 609 3860 bonorum
628 3805 741 3864 luorum
763 3797 976 3861 administratio.
1016 3799 1129 3860 Dantur

107 3896 250 3956 quoque
265 3894 325 3948 res,
348 3894 418 3952 quas
437 3893 495 3935 non
510 3876 561 3934 nilr
586 3892 667 3937 certo
689 3880 815 3937 alienare
842 3875 932 3935 modo
959 3876 1045 3950 regesi
1066 3893 1130 3946 per·

131 3956 255 4017 mittunt.
295 3956 326 4013 In
355 3952 515 4015 universum
538 3955 694 4026 imperans,
716 3969 771 4027 qua
792 3951 873 4020 talis,
895 3951 1016 4024 speciem
1037 3948 1128 4011 Domi·
1172 3987 1184 3994 -

131 4036 190 4101 nii,
211 4033 290 4109 quod
311 4033 430 4097 dicunt,
452 4032 588 4090 eminentis
614 4032 643 4091 in
664 4035 739 4091 bona
760 4027 936 4090 subditorum
953 4029 1065 4086 luorurn
1080 4028 1129 4087 has

131 4115 190 4170 bet.
230 4110 304 4167 Vide
325 4109 397 4169 infra
419 4106 481 4165 Lib.
503 4106 540 4164 ΙΙ.
562 4120 617 4182 cap.
640 4124 685 4180 ις.
913 4137 915 4140 ·

123 4236 127 4243 .
169 4179 1126 4263 Autexdispofirionel.Dinumereg.autteslarorerbona,dcquibu¹
1226 4184 1228 4187 ’

130 4263 161 4323 in
171 4261 287 4334 graciam
297 4263 411 4334 alicujus
419 4259 590 4337 disponunt,
605 4260 761 4334 aliquando
770 4272 867 4320 vetant
881 4258 1080 4320 alienareraut
1093 4257 1128 4317 ll·
1182 4291 1186 4297 -

131 4340 183 4402 lud
193 4336 240 4399 iub
250 4337 336 4400 certia
350 4350 458 4404 tanturn
474 4337 702 4475 conditionibusP
703 4335 876 4397 concedunt.
895 4332 1131 4422 Adjiciumuret·

710 4431 754 4492 pp
1074 4422 1132 4472 rm
