3034 5509
452 627 507 709 an
537 607 636 707 Sunt.
671 608 1135 705 renumerantur.
1209 633 1285 723 ⁹⁵5

297 787 411 848 suerint.
458 787 480 844 Ι.
501 786 572 842 Non
594 781 643 842 nist
662 799 704 840 res
719 779 799 859 inse,
820 781 876 841 stne
893 796 991 842 natura
1006 783 1068 853 sua,
1089 784 1146 844 five
1163 786 1291 867 civilium

298 863 391 938 legum
424 861 620 937 prohibitione
653 863 769 927 illicite,
790 860 897 934 paetum
923 863 1025 919 debitis
1045 862 1110 918 aias
1127 863 1290 925 instructum

298 937 436 1014 requisitis
463 939 572 996 irritum
599 936 693 994 valent
715 937 845 994 reddere
884 937 914 995 Si
937 937 965 994 in
985 939 1129 997 contraite
1154 940 1232 1012 super
1256 956 1289 998 re

298 1017 428 1091 quapiam
447 1013 523 1071 licita
542 1029 574 1069 ac
589 1013 706 1071 innoxia
723 1013 817 1084 inito,
838 1012 969 1071 alterutra
991 1031 1053 1087 pars
1080 1016 1190 1072 ratione
1210 1014 1291 1093 cause

297 1109 330 1149 ac
335 1090 447 1169 sequelae
461 1089 594 1155 astionis,
616 1102 663 1147 eut
675 1090 789 1148 alterius
806 1100 927 1146 externa
940 1101 1027 1162 atque
1039 1088 1220 1149 accidentalis
1235 1097 1291 1152 clr-

300 1168 471 1226 cuutilautio
499 1177 616 1240 peccet:
641 1164 698 1224 hoe
727 1164 833 1236 solum,
854 1170 1007 1236 quominus
1035 1172 1194 1225 conventit»
1221 1168 1291 1236 vali.
1358 1208 1361 1213 .

299 1243 334 1300 da
354 1243 409 1312 fit,
430 1259 489 1300 non
513 1238 640 1314 impedit.
676 1240 723 1299 Sic
744 1259 771 1298 e.
794 1258 819 1316 g.
841 1242 961 1310 donatio,
990 1256 1037 1300 aut
1061 1243 1216 1303 inconsulta
1240 1243 1292 1304 do·

298 1318 384 1376 nandi
408 1317 542 1379 facilitate
568 1315 652 1385 faiia,
672 1327 720 1374 aut
742 1315 799 1374 fine
816 1320 926 1376 ratione
940 1335 974 1375 ac
993 1318 1170 1386 discrimine,
1190 1334 1239 1381 aut
1259 1321 1291 1381 in

297 1395 427 1457 savorem
452 1393 583 1466 indigni,
605 1409 696 1469 eaque
717 1392 746 1448 in
769 1394 901 1452 ultionum
925 1394 1057 1463 parvulum
1079 1394 1152 1452 usuri
1161 1435 1171 1462 ,
1191 1409 1240 1454 aut
1261 1397 1294 1456 in

298 1471 395 1529 odium
412 1470 544 1539 alicujus,
565 1468 614 1542 qui
636 1487 695 1527 rem
717 1467 849 1528 donatam
873 1468 1067 1543 exspectabat,
1088 1471 1131 1527 uel
1154 1474 1190 1530 ad
1205 1489 1293 1547 quem

299 1546 476 1605 succeliionis
492 1546 574 1615 titulo
589 1543 702 1603 transire
715 1557 844 1618 poterat:
867 1545 1024 1620 ejusmodi,
1046 1562 1180 1620 mquam,
1204 1552 1295 1625 dona*

298 1624 358 1689 tio,
381 1623 429 1680 etfi
442 1622 589 1681 donatoris
604 1620 653 1679 fini
669 1638 704 1679 ac
718 1618 892 1694 dispofitinni
909 1623 1008 1681 virium
1025 1623 1128 1692 subiit,
1149 1639 1208 1680 non
1225 1623 1294 1684 ideo

296 1697 390 1756 minus
421 1704 508 1756 valet.
562 1697 664 1771 Caupo
690 1699 746 1762 iis,
775 1715 848 1771 quus
877 1698 1005 1757 ebriosos
1047 1704 1159 1769 novit,
1196 1700 1295 1773 quotie

299 1771 346 1831 die
360 1775 457 1843 vinum
474 1772 648 1840 ministrant,
670 1775 877 1846 proculdubio
899 1775 971 1832 male
985 1775 1055 1849 agiu
1077 1791 1157 1850 aque
1179 1793 1212 1834 ac
1233 1775 1291 1846 illi,

294 1851 344 1924 qui
368 1846 513 1908 ebrietatis
538 1849 604 1906 iude
628 1862 742 1927 captant
769 1852 968 1909 occasionem:
988 1868 1083 1926 neque
1107 1852 1172 1908 ideo
1197 1867 1294 1912 tamen

295 1927 389 1983 minus
408 1925 455 1983 ille
469 1926 577 2000 prablti
594 1928 652 1983 viui
667 1924 837 1984 solutionem
860 1925 994 1999 exigendi
1011 1943 1057 1997 Jus
1073 1927 1178 1995 babet,
1200 1926 1227 1984 dr
1245 1927 1293 1989 nic

295 2002 413 2059 eandem
430 2001 575 2077 praestandi
591 2001 729 2059 incumbit
740 2002 889 2075 obligatio.
930 2004 998 2060 Non
1016 2018 1208 2079 unoquoque
1230 2019 1293 2063 trio·

295 2079 335 2135 do
357 2080 511 2137 naturalem
535 2077 626 2151 legem
651 2077 782 2144 violant,
801 2082 852 2152 qui
877 2082 983 2155 magnis
1008 2078 1077 2137 lurlo
1103 2078 1216 2138 summis
1230 2094 1292 2138 cer·

295 2165 372 2212 tant:
392 2171 450 2212 non
473 2154 538 2211 inde
556 2168 649 2209 tamen
674 2151 815 2224 sequitur,
838 2161 944 2223 vetari,
965 2157 1014 2227 qui
1034 2157 1102 2211 citra
1125 2154 1223 2214 dolum
1247 2155 1292 2214 vi-

296 2232 351 2297 cit,
368 2229 432 2298 iure
448 2228 475 2287 dt
490 2228 648 2301 deponturn
666 2231 793 2303 recipere
811 2232 949 2303 pretium,
972 2229 1113 2301 dt,quod
1128 2233 1221 2287 adbuc
1242 2229 1291 2291 de·

294 2308 396 2372 betur,
417 2317 523 2379 petere.
563 2302 718 2382 Quippest
753 2305 851 2360 vitium
874 2305 1024 2378 paciscenti
1052 2304 1158 2360 bectens
1186 2306 1289 2365 vitium

295 2380 405 2454 semper
431 2383 458 2440 in
478 2380 534 2451 ipsa
550 2395 602 2449 re,
623 2380 658 2435 de
678 2395 732 2452 qua
753 2378 862 2452 pactum
884 2383 947 2447 eti,
970 2379 1151 2436 involveret:
1180 2379 1290 2440 nemini

294 2456 340 2514 vel
369 2454 571 2513 solemniliiutis
598 2453 735 2526 promtllis
757 2455 1012 2514 alienationibusve'
1030 2453 1155 2512 rationes
1172 2457 1292 2515 firmiter

294 2532 355 2590 suaa
371 2532 468 2589 liceret
482 2530 684 2603 superstruere:
706 2530 860 2589 verendum
883 2531 952 2589 effer
974 2531 1131 2598 contiuuo,
1153 2551 1189 2589 ne
1204 2532 1291 2592 fidem

296 2607 389 2665 datam
404 2606 568 2680 prouirror,
589 2605 721 2664 dominus
748 2604 877 2666 traditam
905 2620 963 2665 rem
996 2606 1074 2665 soret
1105 2623 1309 2668 revocaturuss

296 2700 333 2742 eo
349 2686 484 2750 obtentu,
507 2681 583 2756 quod
606 2684 635 2740 in
655 2681 794 2741 alterutro
817 2683 1045 2745 contrabentium
1073 2685 1183 2742 ratione
1200 2696 1293 2743 certe·

294 2777 357 2819 rum
387 2761 654 2818 circumstantiarum
692 2759 781 2834 ipsum
808 2762 981 2818 contraitum
1017 2774 1082 2816 non·
1114 2759 1292 2830 tangentium

295 2834 404 2910 aliquid
434 2835 555 2896 exstaret
585 2835 687 2895 vitiofi.
734 2837 801 2914 Quo
820 2838 934 2909 quidem
970 2837 1058 2893 modo
1084 2836 1184 2894 fiducia
1211 2853 1291 2896 cotn-

293 2915 393 2971 mercii
406 2912 480 2973 lnte'r
497 2912 644 2979 homines,
666 2915 868 2988 omniumque,
890 2929 952 2986 quae
972 2915 1114 2969 intereos
1135 2926 1289 2985 geruntur,

293 2991 476 3061 negotiorum
515 2989 729 3048 fundamentum
763 2990 846 3062 plane
873 3003 1057 3048 everteretur.
1111 2990 1147 3045 ll.
1183 2988 1290 3049 turtlin-

294 3067 436 3139 guendutn
453 3068 500 3124 hic
513 3067 552 3125 est
573 3068 646 3124 inter
662 3064 704 3130 iri,
726 3066 792 3137 qrtod
800 3066 860 3138 juri
873 3067 991 3123 naturali
1013 3061 1167 3131 adversum,
1191 3064 1217 3120 li
1240 3063 1286 3144 id,

295 3147 360 3216 qued
375 3155 478 3202 tentum
491 3147 547 3218 lege
569 3145 657 3217 alique
676 3143 753 3202 civili
770 3143 915 3216 probibente
937 3144 1060 3199 illicitum
1075 3138 1116 3215 eil.
1159 3140 1287 3203 Ratione

294 3219 442 3292 pactorum>
473 3222 546 3278 circa
577 3225 687 3294 priorem
714 3222 867 3277 illicitarum
896 3237 981 3278 rerum
1001 3221 1114 3294 Jpecicnt
1151 3219 1288 3277 initorum

293 3294 345 3352 has
367 3296 475 3368 regulas
498 3296 723 3353 constituerim·
751 3313 775 3354 1.
796 3297 825 3352 Si
850 3301 906 3368 quis
927 3299 989 3351 dete
1004 3293 1061 3364 file
1082 3296 1112 3347 cle
1124 3290 1287 3368 suscipiendo

294 3369 355 3427 eilu
375 3375 404 3428 in
412 3370 445 3447 se
465 3374 552 3444 turpi,
574 3374 641 3428 ubire
662 3372 736 3428 illum
755 3368 839 3443 postea
860 3369 1043 3444 recusaverit:
1069 3372 1135 3425 alter
1150 3380 1160 3434 ·,
1183 3371 1288 3440 quierott

290 3446 392 3520 pullum
405 3445 454 3518 est,
470 3449 582 3520 jurnon
593 3447 668 3502 babet
680 3445 759 3517 iniiam
773 3449 807 3502 orl
827 3446 980 3517 implendum
991 3443 1092 3516 possiem
1105 3443 1287 3516 compellendi:

293 3540 339 3580 uec
354 3526 426 3596 queri
439 3526 528 3580 merito
539 3519 636 3596 peresi,
650 3519 777 3598 felliflbi
785 3518 866 3596 ficiem
875 3539 885 3589 ς
898 3520 958 3597 five
971 3535 1101 3594 receptum
1120 3522 1163 3578 linc
1184 3523 1286 3580 nomine

294 3601 392 3672 aliquid
406 3597 461 3675 stt,
473 3598 535 3673 stoc
555 3603 651 3661 ninus.-
676 3611 785 3657 tantum
807 3599 1013 3667 restitutionem
1033 3599 1109 3667 ejus,
1130 3597 1209 3669 quod
1236 3598 1285 3673 de-

296 3676 354 3741 dit,
377 3678 455 3733 valet
469 3680 593 3749 exigere.
626 3692 659 3733 ⁸2.
678 3674 708 3732 Si
721 3679 783 3750 quis
795 3676 830 3732 ed
846 3673 918 3748 turpe
934 3671 1041 3740 focinus
1053 3676 1208 3748 patrandum
1228 3690 1288 3733 cott-

296 3753 403 3816 dauns,
425 3755 492 3810 illud
509 3770 599 3811 revere
614 3750 746 3827 exsecutus
754 3750 862 3828 fuerit:
880 3755 945 3810 alter
963 3749 1151 3828 adfhtveudcm
1173 3752 1285 3824 pronis·

285 3829 348 3906 stim
361 3830 498 3888 mercedem
515 3849 563 3888 nen
576 3841 699 3888 tenetur:
718 3832 864 3902 quamvis,
885 3829 1061 3886 srvlndicure
1083 3828 1132 3884 iile
1149 3829 1221 3885 banc
1236 3824 1285 3885 de·

297 3907 517 3975 trebationeut,
541 3922 672 3982 tanquam
702 3904 856 3973 injuriam,
882 3903 1076 3978 adgrediatur,
1105 3904 1184 3960 alteri
1206 3903 1288 3962 causa

297 3985 494 4056 conquerendi
514 3997 581 4043 tunc
599 3983 692 4039 onmis
707 3979 837 4037 defutura
854 3979 895 4037 stt.
936 3994 963 4047 3.
985 3976 1031 4048 Asi
1045 3983 1089 4038 ubi
1103 3977 1224 4057 encastum
1236 3991 1285 4039 net

297 4057 576 4134 intuituseelerisjnm
592 4061 679 4118 dolrem
692 4056 793 4130 aliquid
805 4054 860 4132 fit:
881 4058 960 4129 repeti
980 4056 1048 4113 illud
1069 4059 1102 4113 ab
1120 4076 1161 4121 eo.
1183 4060 1226 4130 qui
1245 4074 1287 4116 rc·

297 4139 381 4207 cepit,
400 4141 507 4210 nequit:
530 4137 617 4196 modo
636 4139 714 4207 juxta
737 4135 923 4190 boneilorum
949 4150 981 4189 ac
1004 4133 1186 4191 innoxiorum
1218 4150 1288 4193 con·

300 4212 433 4272 trasluum
459 4213 519 4271 sere
545 4214 621 4285 leges
639 4210 776 4269 alienatio
797 4209 866 4268 taeta
879 4209 981 4277 suerit,
1003 4208 1030 4266 id
1045 4208 1100 4277 cll,
1124 4226 1218 4282 neque
1237 4211 1289 4271 do·

297 4283 341 4344 lus
354 4300 401 4349 aut
414 4290 455 4351 vis
471 4289 650 4367 recipientis,
670 4300 763 4363 neque
778 4287 902 4348 enormis
919 4284 990 4346 lesio
1005 4285 1199 4348 intervenerit.
1218 4286 1289 4346 Non

1213 4363 1292 4438 equi·
