3034 5509
248 594 324 684 984
458 580 605 657 Noun
640 583 707 679 Jo.‚
741 581 1085 659 Baunnuuacrr'

251 759 368 822 inutiles
382 757 525 816 naturales
548 756 624 830 leges
648 754 762 824 iurent,
784 755 929 815 sanemini
950 761 979 816 in
1005 760 1050 816 his
1069 759 1257 835 tetrispote·

252 840 308 899 itas
330 847 527 910 competetet,
554 834 707 892 earundem
739 833 947 892 exsecutionem
973 837 1163 908 procurandi,
1186 854 1259 894 eos·

254 933 313 990 que
329 913 478 987 puniendi.
500 912 548 984 qui
565 910 626 968 iilas
649 910 775 977 vioianr,
797 908 853 970 sure
877 912 1008 969 aduersus
1030 910 1167 984 iinguios,
1194 913 1258 970 five

171 1026 177 1031 -
254 991 388 1054 adversus
403 988 560 1046 uniuersum
590 1003 678 1060 genus
701 989 871 1055 humanum,
894 988 929 1046 ad
954 992 1034 1061 cujus
1055 990 1259 1048 conservatio·

255 1084 324 1127 nem
355 1067 411 1122 iiim
433 1066 508 1136 teges
537 1067 670 1121 omnibus
692 1065 855 1123 homiuibus
889 1081 1053 1123 communes
1083 1067 1261 1124 coiiinean.

255 1142 347 1203 Unde
370 1146 397 1198 in
419 1141 548 1198 libertate
565 1141 687 1197 naturali
712 1141 833 1214 quiiibet
852 1140 984 1200 advertus
1003 1144 1160 1217 quemlibet
1186 1143 1262 1199 aite-

256 1237 322 1280 1um
351 1217 495 1275 inltruiius
520 1217 569 1274 iilo
590 1218 650 1288 jure
672 1215 722 1276 est.
770 1219 869 1284 Vide,
895 1235 958 1291 quae
979 1219 1038 1276 diui
1062 1219 1097 1275 ad
1120 1220 1143 1293 J.
1166 1221 1210 1278 N.
1234 1217 1263 1276 ἀ

257 1299 299 1358 G.
317 1298 363 1355 ut.
385 1293 465 1350 viii.
488 1305 543 1366 cop.
566 1309 591 1365 3.
614 1296 640 1368 i.
667 1312 696 1367 4.
724 1305 784 1353 notu
806 1310 833 1366 3.
862 1312 948 1372 quam
972 1298 1002 1354 in
1029 1295 1085 1354 ada
1116 1294 1264 1355 Editiono

261 1372 417 1440 auctiorem
435 1370 561 1431 exhibui
695 1447 712 1522 ς
761 1449 821 1507 IX

302 1606 351 1664 Vri
369 1603 441 1660 uires
455 1600 600 1672 arcendi]⁸
639 1602 673 1659 E.
696 1618 723 1674 g.
745 1601 764 1659 ii
783 1603 904 1674 pellatur
925 1603 952 1660 in
973 1603 1106 1669 exilium,
1128 1616 1179 1662 aut
1203 1623 1266 1665 car-.

266 1699 333 1748 cere
346 1681 467 1737 inciuius
483 1681 664 1749 detineatur,
680 1692 729 1738 aut
748 1680 799 1755 ipsi
816 1697 912 1755 arma,
930 1681 1044 1754 aliaque
1060 1681 1187 1741 uocendi
1205 1703 1265 1743 ure

266 1761 315 1830 dia
331 1757 489 1815 adimantur
509 1754 562 1814 &u

689 1834 714 1910 i.
751 1836 779 1894 Χ
799 1836 837 1892 V.

304 1988 335 2046 Si
343 1985 413 2062 fluas
426 1984 597 2060 panarum}
624 1985 724 2044 Veluti
741 1987 789 2044 ubi
810 1987 954 2047 occuitum
970 1988 1002 2058 stt
1023 2002 1192 2063 peccatum,
1215 2006 1266 2052 aut

263 2064 434 2142 pauciiiimis
447 2064 611 2135 cognitum
630 2073 698 2120 tuuc
713 2066 789 2120 enim
804 2079 913 2124 tautum
930 2066 1026 2132 aucti,
1047 2081 1078 2123 ut
1100 2071 1204 2141 punire
1235 2071 1266 2126 il·

265 2143 318 2201 ]ud
341 2143 470 2209 iuverit,
498 2152 528 2194 ut
550 2140 645 2211 potius
667 2140 730 2213 pius
753 2140 822 2218 saepe
845 2143 969 2213 damni,
999 2159 1083 2218 quam
1113 2147 1266 2204 commodi

292 2220 422 2276 toveuite
444 2215 511 2273 inde
530 2228 627 2287 qtieat.

308 2295 451 2354 Producam
471 2290 644 2368 urtitraremi.
689 2291 723 2350 E.
750 2311 778 2368 g.
807 2294 826 2352 u
850 2297 899 2367 qui
924 2295 1067 2373 deliquit,
1094 2300 1265 2370 reipublice

267 2371 356 2430 ualde
376 2372 405 2428 iit
420 2371 514 2438 utilis,
537 2369 575 2425 ita
595 2385 625 2425 ut
644 2367 663 2425 ii
679 2373 810 2442 capitati,
832 2373 875 2428 vui
893 2372 946 2430 alia
961 2377 1093 2448 quapiam
1111 2393 1197 2445 ucetia
1219 2379 1269 2434 ad-

268 2451 414 2515 ficeretur,
440 2463 498 2528 non
517 2459 622 2502 tantam
640 2448 801 2520 exemplum
822 2448 898 2506 titius
914 2468 1001 2513 omae
1016 2458 1192 2526 produceret
1215 2455 1269 2512 uti·

268 2526 397 2594 litatem,
421 2535 554 2597 quantam
570 2537 722 2598 procurare
740 2527 798 2600 ipie
825 2529 939 2599 egregia
962 2527 1007 2585 sua
1031 2529 1183 2604 operaest
1207 2531 1269 2590 ido-

152 2602 154 2607 ’
266 2619 350 2669 neus.

270 2667 275 2674 ’
309 2681 368 2737 Aut
385 2673 520 2752 fisurus}
561 2679 619 2740 Ubi
635 2695 660 2735 e.
681 2696 708 2748 g.
730 2697 793 2737 reus
816 2679 878 2736 iaeio
904 2681 1002 2755 sponte
1028 2680 1198 2740 satisfactum
1220 2701 1269 2742 vr-

266 2757 331 2819 nit.
352 2767 491 2828 cavetque
518 2752 601 2823 sote,
631 2769 662 2813 ut
685 2758 712 2813 in
735 2757 877 2831 posterum
897 2774 989 2831 neque
1011 2761 1143 2818 adversus
1165 2761 1267 2832 iiium,

265 2848 364 2906 meque
386 2831 516 2891 adversus
538 2848 736 2906 quemcunque
752 2835 871 2895 aiterum
886 2838 1026 2906 ejusmodi
1049 2835 1159 2896 facinus
1186 2838 1268 2898 suici-

298 2927 348 2969 tas.

272 2928 296 2999 'p
316 2985 375 3049 Aut
392 2983 418 3055 fi
441 2988 582 3053 peculiaris
598 2983 622 3058 ].
671 2987 760 3043 Ratio
787 3004 814 3045 e.
837 3005 865 3060 g.
892 2990 982 3063 legum
997 2991 1209 3067 srtmtuurr'arum
1229 2994 1269 3053 est

273 3061 365 3132 ipsum
395 3075 494 3116 eorum
526 3059 707 3123 commodum
734 3107 744 3133 ‚
778 3067 881 3138 quibus
915 3069 1026 3126 inutiles
1060 3087 1092 3126 ac
1121 3072 1272 3130 immodici

275 3140 382 3198 sumtus
397 3178 403 3198 ,
424 3136 572 3193 exhaurire
589 3142 712 3211 denique
728 3139 841 3202 ittorum
863 3148 1034 3218 patrimonia
1050 3150 1107 3217 apti
1117 3187 1127 3210 ,
1150 3150 1271 3207 interdi-

273 3229 390 3273 cuntur.
429 3213 535 3269 Verum
553 3214 571 3270 st
589 3216 686 3272 taiium
701 3215 793 3289 legum
809 3222 999 3294 transgreiiori
1016 3236 1100 3280 tantae
1114 3222 1167 3283 iint
1182 3243 1271 3306 opes,

276 3307 311 3351 ut
327 3291 384 3349 istis
405 3287 538 3346 sumtibus
554 3291 763 3365 hautquaquam
780 3295 930 3358 fatiscant:
954 3302 1008 3356 hoc
1023 3302 1142 3371 quidem
1164 3302 1269 3362 intuitu

206 3421 208 3427 ,
298 3384 362 3427 oena
378 3363 427 3432 iusi
448 3383 484 3422 eo
505 3366 615 3443 facilius
635 3372 742 3429 remitti
756 3377 890 3444 potuerit.
930 3376 1005 3436 Vide
1021 3376 1102 3454 Opus
1116 3380 1216 3452 Maius
1231 3379 1269 3441 de

274 3387 300 3537 5,
321 3447 361 3514 N,
382 3442 410 3515 ,ἃ
431 3443 468 3507 G.
487 3445 535 3507 iit.
556 3445 640 3510 Vm.
659 3462 715 3524 cap.
738 3464 766 3520 3.
786 3451 811 3528 i.
834 3461 878 3516 16.
901 3467 947 3524 17·r

683 3605 710 3678 i.
749 3605 869 3677 XVI.

316 3755 400 3814 Proui
423 3753 520 3830 illudi.
561 3758 683 3818 Gravius
711 3777 737 3818 e.
757 3777 784 3831 g.
804 3761 991 3823 homicidium
1018 3766 1193 3834 committit,
1216 3767 1271 3840 qui

277 3848 439 3914 parentem.
462 3851 544 3906 quum
567 3836 616 3907 qui
638 3853 802 3897 extraneum
829 3843 945 3912 occidit.
994 3844 1128 3901 Atrocius
1149 3855 1268 3917 peccat,

279 3914 326 3988 qui
349 3909 537 3973 mauritarum
554 3908 655 3968 iaceii'rt
672 3919 831 3985 conviciis,
855 3937 939 3992 quam
954 3920 1001 3992 qui
1021 3921 1163 3994 aequalem

318 3988 414 4045 Nuin'ie
431 3982 467 4053 &³
485 3989 651 4065 metiamur]¹
693 3994 783 4049 Latro
799 4010 996 4068 praetereuntes
1017 3997 1188 4056 interficiens
1201 4011 1270 4070 gra·

277 4066 340 4133 uim
357 4065 512 4135 deiinquit,
534 4081 618 4137 quam
633 4069 680 4139 qui
697 4069 795 4141 spoliat
811 4087 919 4130 tautum
935 4071 989 4130 cite.

318 4140 384 4196 Item
406 4157 438 4228 εξ
460 4138 552 4228 ςθΐεξῐιι
569 4140 591 4216 i.
636 4147 682 4202 Sic
706 4146 768 4215 pius
793 4148 886 4206 damni
912 4149 1016 4221 infert,
1036 4153 1086 4226 qui
1107 4151 1273 4232 urbanum,

277 4234 361 4308 quam
378 4232 427 4286 qut
451 4217 578 4274 ruiitcuu·
596 4223 742 4281 orificium
757 4228 909 4286 comburit,

310 4291 414 4380 ΓΜ
423 4291 509 4382 oui.
529 4295 578 4365 uc
591 4297 716 4375 deterior
731 4301 787 4377 eit,
797 4306 846 4394 qui
864 4304 1018 4384 uunquilio
1033 4307 1150 4382 auium,
1162 4317 1214 4370 aut
1224 4306 1273 4443 lutr
