3034 5509
465 597 590 670 Ltn.
628 572 714 666 ll.¹
754 592 883 666 Car.
920 590 1009 666 XV.
1178 607 1248 689 839
1329 566 1332 573 ¹

257 771 383 844 alicubi
412 771 535 845 iterum
568 771 639 867 (u)
673 765 890 863 distinguitur
921 767 954 840 iu
986 768 1245 848 Pnrnnrourtrit

256 890 507 955 metuentius,
532 867 569 942 dc
595 871 824 945 Rerrunuicrn
842 867 857 955 (
870 867 933 954 x),
960 866 1014 937 seu
1033 864 1068 936 in
1089 867 1242 958 l'ifcum,

253 967 292 1038 tit
309 969 487 1040 AEtarium.
541 968 698 1068 Quorum
724 965 815 1058 prius
831 960 1032 1035 destinatum
1057 962 1107 1035 est
1130 971 1171 1036 ad
1190 966 1242 1036 su·

252 1062 492 1138 stentntionem
525 1065 660 1161 Regis,
698 1062 837 1157 ejusque
861 1058 1027 1133 familiae:
1070 1060 1238 1153 posterius

253 1163 296 1233 ad
319 1163 474 1254 publicas
495 1163 654 1235 utilitates
674 1162 782 1256 tegni.
835 1159 933 1229 Circa
951 1159 1045 1251 prius
1073 1160 1151 1232 Rex
1179 1161 1238 1232 lta·

251 1261 310 1331 bet
336 1260 605 1347 usumfructum,
638 1259 676 1332 δι
703 1260 745 1330 de
771 1255 962 1342 sinilibus,
996 1253 1077 1327 inde
1110 1280 1238 1348 prove-

252 1358 444 1446 nientibus,
473 1382 535 1453 pro
553 1360 610 1430 suu
627 1357 768 1429 arbitrio
794 1355 974 1448 disponere
995 1351 1115 1447 potest.
1167 1356 1240 1427 Cir·
1293 1443 1297 1452 Ι

247 1477 292 1525 ca
324 1456 493 1548 posterius
527 1478 639 1529 autent
679 1452 963 1526 administratoris
991 1473 1116 1522 munus
1145 1453 1237 1540 obit,
1357 1531 1362 1536 ,

249 1553 409 1650 idemque
444 1552 575 1642 uibus,
611 1554 730 1650 quibus
754 1549 957 1626 destinatum
973 1548 1041 1634 est,
1067 1547 1238 1642 adplicate

249 1653 360 1725 debet.
410 1652 611 1741 Neutrum,
653 1651 713 1726 nist
738 1650 898 1722 consensu
927 1650 1072 1744 populi,
1113 1647 1238 1720 aliena·

246 1769 286 1818 re
309 1749 435 1842 potest.

401 1941 1061 2040 LN&Gmecffipn

292 2139 409 2214 Multo
429 2139 541 2217 minus
569 2138 633 2240 (y)
662 2157 795 2232 autem,
824 2140 880 2236 qui
906 2163 1052 2239 regnum
1080 2167 1148 2216 non
1172 2136 1378 2258 ltacMJ'gffl

1174 2245 1365 2326 betpuuricao

241 2443 297 2482 tero
318 2446 406 2483 omnes
426 2447 484 2494 rea,
503 2446 558 2494 quae
577 2433 602 2481 in
617 2433 723 2482 civitatis
754 2429 824 2480 reiie
840 2431 995 2494 applicatur,
1019 2446 1070 2481 non
1082 2446 1174 2483 tantum
1195 2449 1234 2484 re-

242 2496 348 2546 distritio
367 2499 538 2556 reperiuntur,
556 2498 578 2545 ic
597 2499 722 2544 dominum
754 2496 801 2543 bus
818 2498 1007 2555 corporalibus,
1031 2510 1134 2554 quarum
1148 2501 1235 2548 Domi-

241 2560 364 2619 privatum
390 2575 438 2609 non
462 2563 569 2620 habent,
597 2572 721 2607 neccon·
753 2558 1027 2618 niumefipublicum,
1045 2562 1123 2608 fed&
1138 2561 1232 2617 iuribus

240 2622 312 2670 flantl
330 2625 505 2671 cousuetudine
517 2636 562 2681 pro
579 2624 652 2670 rebus
666 2625 721 2670 nul·
753 2622 821 2677 illis,
839 2621 870 2668 de
889 2622 977 2678 quibus
1001 2622 1117 2677 agebatur
1131 2626 1153 2685 §.
1171 2638 1193 2682 3.
1210 2628 1233 2676 ἀ

239 2684 720 2746 liushabentur,originariendcivlta-
752 2687 845 2744 fliserv.
868 2683 969 2732 ibidem.
1010 2686 1104 2732 Confer
1129 2692 1230 2741 Critian

240 2761 290 2796 tem
309 2751 434 2805 pertinere
454 2749 582 2797 censendae
600 2751 668 2808 funt,
688 2749 719 2795 tle
750 2751 790 2796 lib.
806 2749 838 2794 ff.
853 2760 902 2810 cap.
919 2749 1144 2815 6.§.1t.&fiii·
1161 2754 1231 2800 Crin-

240 2822 290 2869 quo
307 2812 331 2859 in
351 2814 473 2872 liuporitesr
492 2826 543 2860 non
563 2811 621 2860 nllril
641 2815 719 2869 expil-
750 2823 825 2858 nucu.

239 2875 315 2923 carius
334 2879 370 2936 egi
396 2876 420 2923 in
440 2880 531 2937 specim.
545 2878 601 2940 Jur.
618 2877 684 2929 Publ.
701 2875 719 2923 f.
783 2874 844 2919 Haec
866 2874 915 2920 duo
931 2872 1076 2922 differente
1097 2875 1167 2924 bonis
1185 2889 1229 2933 pt·

235 2938 281 2989 ΙΙΙ.
299 2955 317 2986 c.
334 2951 356 2994 3.
376 2952 429 2998 quae
447 2941 476 2986 ad
496 2941 569 2987 rhcfin
586 2938 660 2986 facile
678 2949 718 2984 re·
750 2934 926 2984 trimonlalibus
943 2936 1077 2997 principis,
1091 2937 1115 2984 in
1131 2951 1184 2993 nuae
1202 2943 1228 2987 ft·

236 2999 298 3049 fetri
315 3002 418 3056 poffunt.
451 3003 547 3049 Trrtus.
749 3012 781 3045 ne
799 3001 850 3046 ullo
865 2999 980 3057 respectu
1003 3001 1032 3048 ad
1048 3003 1226 3061 rempublicam

271 3063 323 3122 (ri)
348 3061 635 3126 Qrodalicuiiiurun}
668 3061 716 3109 Bo·
747 3060 786 3118 jus
810 3064 882 3109 lrabet
907 3064 937 3110 ad
960 3066 1101 3118 cremplutn
1128 3067 1225 3122 privati.

237 3137 326 3174 norum
352 3128 507 3186 publicorum
531 3125 666 3173 dominium
690 3125 716 3172 in
748 3124 923 3174 Patrimonium
940 3138 1001 3173 vero
1018 3124 1167 3186 principatus
1182 3131 1226 3176 dc·

235 3188 346 3251 privatus
380 3190 510 3247 aliquando
534 3189 652 3237 devenire
674 3201 716 3247 pa·
749 3191 820 3236 betur
843 3188 948 3248 principi
975 3189 1108 3236 fecundum
1124 3191 1163 3246 jus
1181 3206 1225 3238 na·

235 3251 405 3308 rirurciritar,
423 3253 495 3312 idque
510 3256 550 3300 vel
568 3251 717 3314 simpliciter,
748 3264 823 3300 turae:
845 3263 919 3308 quum
936 3249 1002 3298 enim
1021 3253 1088 3299 cives
1102 3267 1158 3301 cunr
1172 3259 1223 3300 elc-

235 3318 278 3360 vel
305 3316 430 3364 reservato
456 3318 538 3374 aliquo
560 3318 713 3363 emolumen-
742 3313 853 3375 gerintin
869 3314 1224 3372 imperanromrcivturnquo,

233 3389 270 3425 to.
315 3378 429 3438 Quodam
447 3381 509 3426 verti
532 3378 558 3426 in
584 3379 627 3426 fuo
652 3377 712 3424 flatu
743 3390 793 3437 que
826 3377 872 3422 etit
907 3376 942 3423 illi
971 3376 1149 3426 subministrare
1175 3391 1222 3436 ea,

233 3440 380 3500 perdurant,
398 3454 503 3498 quorum
518 3441 573 3489 ufus
586 3441 619 3488 url
635 3439 659 3486 in
671 3453 712 3498 ge·
743 3454 798 3497 quac
814 3440 843 3486 ad
862 3435 916 3491 eius
940 3438 1124 3499 characterem,
1150 3439 1220 3487 fanil-

233 3513 295 3548 nerc
328 3505 357 3550 ad
383 3502 486 3553 civitatis
517 3503 644 3551 utilitatem
681 3515 712 3550 eo
742 3505 801 3550 liam
819 3500 1222 3560 &dignitttemhoncstcdtrligne

232 3566 330 3622 motio,
347 3578 420 3623 quem
438 3567 473 3613 rei
494 3565 601 3620 cuiusvis
615 3566 712 3613 indoles
742 3564 904 3612 sustinendam
921 3563 1053 3622 pertinent.
1070 3565 1125 3612 Vid.
1139 3569 1221 3613 Atint-

232 3626 352 3684 admittit,
379 3628 465 3675 referri
486 3629 578 3687 debet,
606 3628 710 3675 ltaenm
742 3625 1072 3685 exultantissimum
1089 3644 1109 3674 c.
1126 3624 1219 3686 uda.

231 3702 409 3748 nonnunquam
427 3693 492 3747 leges
515 3691 710 3739 fundamentales
741 3690 815 3738 conf.
841 3690 871 3735 dc
900 3700 984 3736 cetero
1006 3691 1135 3737 Boccrun.
1161 3707 1216 3740 con·

187 3754 190 3759 '
231 3752 364 3807 specialius
378 3753 557 3813 determinant,
575 3754 640 3812 quod
660 3756 709 3802 flu-
740 3766 807 3802 nini.
838 3753 900 3800 Plio.
926 3768 945 3800 c.
968 3765 991 3813 9.
1017 3748 1039 3810 l.
1061 3765 1085 3808 7.
1102 3754 1145 3812 fol.
1163 3766 1220 3813 794,

231 3815 286 3869 {ior
299 3819 320 3863 li.
335 3815 439 3876 indicat,
463 3829 492 3862 ac
507 3817 649 3875 Imperantit
664 3817 708 3863 cir·
741 3819 867 3863 Conttmro.
901 3815 927 3862 di
951 3819 1032 3863 aratia
1055 3815 1218 3877 constituendo,

231 3892 260 3926 ca
275 3881 340 3928 bona
362 3879 403 3927 illa
421 3880 563 3936 potestatem
582 3877 650 3926 reste
667 3879 709 3925 dc·
739 3883 910 3928 Sucxnnuonr
933 3877 1121 3935 Frustra-suat.
1133 3890 1159 3940 p.
1173 3880 1218 3926 lli.

230 3943 434 4001 citrat‚nrl:l.d.
451 3958 470 3992 c.
489 3954 509 3996 5.
529 3937 590 4000 istd.
609 3954 645 3989 11.
670 3942 709 3990 Ab
740 3957 760 3994 t·
779 3953 800 3990 ι.
817 3955 839 3987 2.
858 3953 881 3995 3.
912 3940 1030 3988 Tuuunn.

232 4004 288 4053 eliis
298 4018 379 4052 autem
391 4005 462 4052 bonis
473 4005 631 4053 differuntur
641 4005 708 4051 Prin·
774 3999 798 4062 i.
815 4003 857 4048 vl.
875 4002 1031 4057 Regulariter
1044 4000 1111 4047 cives
1125 4000 1157 4047 lta
1170 4014 1216 4048 noq

230 4068 283 4124 ripis
300 4070 495 4128 patrimoniales,
521 4069 545 4114 in
567 4068 654 4127 quibua
678 4068 708 4116 ad
739 4078 797 4113 meu
813 4064 907 4112 civitati
923 4063 1135 4113 dedilrccenfcnrli
1147 4065 1216 4122 funt,

232 4133 372 4185 exemplum
401 4131 551 4188 privatorum
573 4128 708 4178 dominium
741 4141 768 4175 ut
786 4128 865 4176 libera
891 4129 917 4173 frt
938 4126 1040 4176 facultas
1064 4129 1217 4184 emigrandi,
1250 4135 1252 4138 ·

231 4192 273 4245 pel
291 4193 337 4240 alia
355 4191 406 4246 iura
421 4195 485 4242 idem
499 4194 580 4242 babet.
609 4195 685 4241 lurni.
742 4192 768 4241 ὅ
784 4191 811 4241 de
821 4191 866 4250 fua
889 4191 966 4250 tuique
984 4194 1075 4238 ciuitate
1084 4190 1218 4248 statuendi,

264 4253 318 4326 fx)
336 4257 488 4330 Republica.
510 4258 573 4317 llaec
587 4254 710 4314 difinitio
740 4259 759 4307 1.
784 4266 821 4313 ia.
840 4255 871 4369 §G
884 4263 914 4374 93
931 4254 965 4385 ἲ·
986 4255 1012 4305 do
1033 4264 1091 4323 capt.
1116 4253 1218 4314 &tosti

877 4328 892 4378 ι
1164 4329 1218 4367 so·
