3034 5509
1028 415 1124 467 ,rs

129 621 153 663 μ
219 641 325 731 t944
465 626 612 701 Nora
646 621 708 718 Jo.
741 620 1075 696 Binaauurcrr'

254 808 297 866 Ur
314 800 515 877 taceam'pIura
532 798 586 856 alia
603 793 773 872 graviffima‚
788 797 891 871 quibus
906 796 963 853 hoc
976 793 1069 881 modo,
1085 792 1191 857 eadem
1208 808 1256 860 ex.

254 885 387 960 ponitur,
409 875 610 937 incommo'da;
632 875 672 962 uti
689 877 751 962 lunt
769 873 900 961 ingrate,
922 883 1104 960 quemarrtp
1118 871 1190 932 inde
1201 890 1257 939 ex.

256 959 337 1020 citari
356 954 439 1014 facile
454 952 584 1030 poliunt,
604 949 730 1019 iustrdra,
751 959 901 1007 temeraria
918 947 995 1021 vulgi
1006 943 1114 1017 Judrcra
1127 947 1185 1009 irc.

636 1102 662 1180 t.
702 1100 882 1162 xxrrr.

293 1261 374 1324 Modo
390 1277 432 1318 res
448 1277 499 1317 nort
509 1255 578 1334 fit]
599 1259 684 1316 Putat
706 1256 808 1312 citatus
832 1264 897 1311 ante
916 1253 1025 1312 Auiior
1045 1253 1150 1313 eodem
1169 1254 1255 1324 loeo,

256 1353 318 1400 tum
335 1339 447 1397 demum
464 1352 516 1411 pro
540 1337 617 1392 relus
637 1331 792 1391 violentam
816 1328 1009 1389 defensronem
1035 1330 1112 1391 licite
1133 1329 1253 1407 suscipi,

250 1413 364 1496 finiiii
380 1415 511 1488 amplius,
538 1411 607 1468 unde
629 1412 779 1479 vivamus,
801 1409 874 1465 neiis
890 1405 1014 1482 suppetat.
1061 1411 1171 1471 ilerum
1193 1424 1257 1468 non

258 1492 363 1552 evertit
385 1489 436 1547 Vir
451 1485 620 1546 doiiissimus
636 1487 767 1545 Auiioris
786 1483 873 1540 nostri
893 1483 1029 1557 principia
1050 1503 1084 1543 ac
1108 1487 1258 1558 rationes,

257 1569 344 1630 fustus
360 1569 387 1626 in
404 1564 501 1640 Opere
516 1564 643 1637 Maiori,
661 1563 739 1634 cujus
761 1560 819 1618 hoc
840 1561 1041 1632 compendium
1060 1559 1118 1630 est,
1140 1563 1256 1634 conspi-

257 1645 372 1707 ciendas
392 1643 438 1700 ill.
456 1641 495 1699 ll.
509 1653 565 1716 cop.
581 1649 604 1712 ς.
619 1642 645 1716 §-
658 1647 700 1701 16.
724 1639 857 1696 Ceterum
872 1649 1059 1725 praeterquam
1076 1638 1158 1711 quod
1173 1655 1257 1715 reque

256 1738 355 1802 parurn
375 1721 420 1778 vel
438 1721 580 1777 minimam
589 1762 601 1786 ‚e
619 1733 703 1791 quarn
726 1715 875 1774 maximam
900 1715 1004 1771 inferre
1022 1714 1153 1788 rnjuriam
1170 1718 1257 1780 licet;

258 1790 338 1875 quod
354 1793 470 1869 quidem
494 1795 521 1851 in
543 1793 673 1858 universa
699 1792 752 1848 hac
772 1792 889 1848 materia
909 1788 1006 1848 sedulo
1025 1791 1254 1852 observandum:

190 1929 197 1938 .
253 1890 293 1932 an
311 1871 485 1934 constiterit.
506 1870 609 1928 auferri
626 1867 825 1926 tantummodo
839 1882 898 1924 renr
914 1865 1030 1925 levioris
1049 1868 1160 1939 pretii?
1179 1871 1255 1927 Cen·

259 1950 333 2008 setut
348 1947 445 2022 potius
465 1946 526 2011 fur.
550 1957 685 2018 quantum
701 1945 817 2016 potuit,
837 1943 969 2015 eripere,
991 1939 1086 2000 saitem
1110 1943 1257 2009 libentiffi·

217 2077 219 2083 ,
256 2033 477 2095 meetepturus.
515 2018 965 2099 Quinsrmoxhattcmihirem
987 2019 1259 2094 impunedetrahe·

165 2081 193 2102 υ
259 2119 307 2170 re,
329 2090 397 2156 mox
413 2099 545 2158 aiteram.
568 2095 617 2169 ipsi
639 2096 746 2155 liceat:
767 2094 893 2154 funditus
909 2097 1023 2155 tandem
1049 2112 1097 2154 me
1116 2097 1258 2174 exspolia·

262 2168 586 2248 mmmmm
810 2189 812 2192 ¹

655 2327 683 2404 i.
720 2324 849 2398 XXV.

277 2505 278 2508 ¹
300 2485 436 2560 Imperium
449 2480 529 2542 ciuile
538 2494 592 2543 lum
605 2484 719 2561 rigidum
732 2484 802 2541 neiis
820 2483 1001 2559 obligationem
1015 2485 1155 2563 injungere
1170 2499 1257 2563 queat,

259 2561 317 2638 rtet]
340 2566 449 2622 Locum
465 2561 523 2619 hoc
541 2562 626 2618 habet
643 2562 670 2616 in
686 2560 797 2631 legibus
813 2561 934 2630 divinis,
955 2578 1018 2619 curn
1033 2562 1179 2636 positivis,
1198 2580 1260 2626 tum

264 2637 454 2704 naturalibus3
473 2636 493 2695 fi
511 2654 606 2696 earum
629 2637 748 2694 violatio
769 2637 892 2711 aliquem
914 2639 1088 2697 auiiotitatis
1112 2640 1259 2713 legislato-

260 2719 300 2776 ris
323 2725 523 2782 contemtum,
544 2713 600 2772 iive
621 2712 778 2781 diuitum,
800 2714 857 2772 ssve
882 2714 1071 2784 indirettun,
1092 2715 1124 2773 fit
1146 2719 1261 2777 involu-

259 2807 339 2852 tura·
377 2789 502 2850 Dirrfius
517 2791 556 2847 eii
571 2801 712 2848 contemtus
729 2791 756 2847 in
773 2790 925 2866 blasphemie
946 2808 971 2848 e.
987 2807 1015 2865 g.
1027 2793 1163 2867 perjurio,
1185 2795 1259 2854 idolo·

260 2872 368 2937 lutrio,
388 2871 530 2926 mutatione
551 2870 712 2943 religionis,
735 2884 797 2937 quae
820 2872 911 2936 bona,
932 2884 994 2926 cum
1017 2868 1176 2943 religione,
1197 2889 1260 2946 quae

260 2961 350 3020 praua
366 2943 539 3001 existimatur
558 2943 611 3000 iiic·
650 2942 796 3001 inilreilrs
815 2958 910 3004 autem
930 2956 1075 3004 contemtus
1089 2946 1148 3017 eit,
1177 2966 1261 3024 cum,

153 3015 156 3021 ’
264 3020 315 3079 etsr
337 3017 442 3076 diretie
463 3020 579 3078 Numen
602 3033 661 3075 non
679 3018 814 3088 ledetur,
836 3021 859 3079 is
877 3035 970 3085 rameru
988 3063 998 3092 ‚
1017 3027 1067 3099 qui
1089 3023 1124 3081 ad
1147 3040 1262 3100 patraru-

267 3096 333 3155 dum
352 3093 459 3169 aliquid
481 3094 589 3169 legibus
607 3093 711 3152 divinis
734 3099 905 3157 contrarium
929 3114 986 3156 nos
1008 3103 1132 3172 pervim
1156 3101 1260 3162 sollici·

262 3185 322 3240 tut,
339 3183 388 3228 aut
400 3171 557 3229 formaliter
575 3171 697 3229 intendit
714 3171 748 3230 ad
763 3174 927 3233 violandum
941 3175 1066 3237 officium
1082 3195 1137 3237 nos
1148 3195 1264 3248 permo-

257 3263 351 3313 ·vere;
372 3261 435 3320 aut,
456 3246 545 3306 sraiia
566 3246 681 3322 quidem
698 3248 817 3306 ducatur
830 3251 956 3320 ratione¹
971 3254 1101 3313 censetur
1114 3257 1264 3317 nihilomi-

263 3341 319 3385 nus
333 3324 411 3383 uelle
435 3323 470 3382 ad
489 3326 595 3382 crimen
617 3339 669 3380 nos
692 3326 829 3400 adigere3
848 3325 906 3386 five
927 3331 994 3404 quia
1022 3331 1078 3406 ipsa
1100 3335 1140 3390 tei
1158 3347 1260 3394 natura

263 3402 314 3461 vix
336 3399 417 3460 aliter
438 3401 616 3475 interpretari
642 3402 702 3474 eius
728 3404 917 3462 intentionem
936 3408 1061 3480 patitur:
1082 3409 1149 3468 utfi
1172 3410 1206 3468 ad
1222 3412 1265 3472 in·

263 3477 373 3538 cestunr
386 3477 571 3537 concubitum
591 3476 654 3552 quis
675 3481 881 3556 compellaturl
899 3480 956 3539 siue
975 3487 1040 3558 quia
1055 3489 1266 3564 repugnantia,

263 3572 349 3631 quarn
367 3554 518 3624 testamur,
539 3572 573 3613 ac
594 3552 687 3614 testari
703 3558 823 3617 omnino
846 3555 1006 3629 debemus,
1027 3562 1132 3634 efficit,
1154 3578 1186 3623 ut
1200 3557 1261 3624 suc·

262 3632 400 3691 cumbere
415 3630 472 3702 jam
495 3630 639 3690 violentiae
660 3649 858 3709 nequeamus,
878 3637 928 3696 nisr
950 3638 1065 3709 prodito
1090 3640 1193 3710 majori
1209 3643 1263 3702 ho·

262 3709 389 3775 minum,
410 3722 494 3778 quam
516 3706 647 3764 Numinis
670 3723 769 3779 metu,
790 3714 972 3785 quantumvis
996 3713 1119 3786 legitima
1142 3720 1262 3790 cogenti

261 3782 359 3843 fotian
380 3781 453 3840 attio
467 3780 614 3844 videatur:
634 3785 697 3844 utii
714 3789 845 3862 priuceps
866 3791 914 3848 iub
930 3791 1084 3863 graviliima
1104 3796 1264 3853 commiua-

184 3925 186 3927 ,
241 3860 346 3920 atione
361 3872 390 3920 te
408 3860 506 3931 iubeat
529 3861 652 3937 aliquem
668 3863 824 3935 occidere,
847 3869 925 3936 cuius
944 3869 1116 3944 perspectam
1137 3871 1191 3932 tibi
1210 3887 1262 3932 ex·

265 3937 465 4012 picturamque
487 3932 541 3994 effe
563 3940 753 3999 innocentiam
770 3941 906 4014 profeiius
922 3964 963 4006 et.

307 4011 371 4086 Nifi
388 4006 523 4091 expteffe,
543 4027 590 4073 aut
602 4014 722 4091 propter]
744 4019 786 4075 Ut
812 4019 839 4078 in
861 4020 964 4092 hello;
992 4043 1055 4085 cum
1077 4024 1164 4084 alicui
1186 4041 1210 4083 e.
1237 4043 1266 4103 g.

265 4088 350 4176 statio
370 4089 463 4163 aliqua
482 4091 639 4168 periculosa
659 4091 831 4171 adsignatur,
852 4113 888 4157 eo
908 4101 1059 4175 mandato.
1079 4114 1110 4165 ut
1126 4119 1165 4161 ue
1179 4100 1266 4176 iude,

267 4162 390 4243 arripite
406 4176 561 4242 evocatus,
582 4169 707 4232 recedat.

983 4362 987 4369 ’
1043 4352 1280 4491 pxxuttt·
