3034 5509
306 658 361 717 an
392 636 492 710 Suu.
527 588 945 724 perarmatus
967 630 997 706 1.
1070 649 1145 726 949

155 811 338 871 ratiocinari:
367 807 604 886 quemadmodum
627 812 662 865 ex
682 807 715 863 iis
739 804 878 881 adparet,
897 821 958 879 que
974 805 1031 881 ipie
1051 797 1137 879 §ies

154 888 256 961 quenti
280 888 372 946 tradit.

552 961 578 1034 t.
618 961 673 1019 vr
693 961 746 1018 11.

185 1114 218 1172 Id
232 1114 328 1190 referre
348 1114 493 1192 negligit}
533 1114 596 1172 Nec
612 1112 695 1169 etiam
715 1112 742 1170 in
757 1110 828 1172 statu
843 1105 1132 1186 naturaii'fimplIcem

147 1187 379 1263 ‚ingratitudinem
394 1193 477 1251 armis
494 1190 561 1247 iicet
585 1187 738 1247 vindicare.
835 1254 839 1262 ,

490 1341 777 1418 ChauriX.

582 1495 607 1569 i.
646 1496 700 1557 ΙΙ.

182 1649 258 1732 Quid
274 1654 353 1710 alteri
372 1651 458 1727 qm'si.
501 1650 649 1710 Neceiium
669 1651 739 1721 fuit,
768 1652 832 1711 iniri
854 1651 932 1727 putta
950 1649 976 1708 dc
996 1651 1126 1726 promilia

141 1735 203 1782 rron
226 1728 314 1788 solum
336 1746 360 1786 r.
389 1734 422 1786 acl
443 1729 638 1803 producendas
665 1745 754 1786 novas
779 1732 985 1803 obligationes,
1007 1743 1053 1787 aut
1076 1732 1125 1787 im·
1167 1757 1170 1763 ·

142 1804 304 1872 ponendam
322 1807 404 1862 alicui
420 1806 624 1878 obligationem
647 1817 735 1862 certas
757 1823 803 1862 res
829 1804 950 1862 faciendi
973 1817 1021 1860 aut
1044 1803 1127 1862 omit·

139 1878 235 1946 tendi,
256 1879 291 1937 ad
307 1897 375 1954 quas
395 1881 470 1937 nulla
490 1881 558 1938 alias
575 1882 685 1939 ratione
701 1883 864 1949 tenebatur,
895 1897 946 1938 ceu
963 1894 1060 1938 natura
1080 1881 1126 1937 lua
1200 1931 1202 1935 .

141 1950 225 2022 piane
241 1956 340 2012 liberas
361 1973 393 2013 ac
416 1955 633 2014 indifferentes:
664 1964 761 2014 verum
784 1961 867 2013 etiam
891 1972 917 2015 2.
936 1955 1124 2030 superiectis

138 2027 296 2087 reddendas
319 2032 519 2105 obligationes,
549 2051 611 2108 quae
632 2045 714 2089 antea
736 2051 794 2089 non
816 2033 865 2092 nist
887 2045 967 2089 eraut
994 2031 1127 2106 imperfe-

139 2103 195 2160 ἃᾶ).
234 2107 281 2164 Sic
297 2126 320 2164 e.
334 2126 360 2180 g.
377 2111 423 2164 ubi
445 2112 507 2182 qius
526 2109 553 2165 in
570 2107 709 2178 ejtumodi
726 2109 809 2165 etiam
830 2109 1043 2168 circumstantiis
1064 2124 1127 2164 ver·

135 2178 226 2248 satur,
249 2184 350 2254 quibus
376 2200 410 2240 err
434 2183 542 2257 iegibus
568 2184 749 2243 humanitatis
780 2197 828 2240 aut
847 2185 970 2239 caritatis
996 2183 1123 2239 vendere

136 2253 213 2319 aliis,
237 2271 380 2325 mutuare,
409 2272 458 2314 aut
484 2260 589 2316 donare
618 2261 653 2312 de
673 2257 875 2323 suadeberet3
898 2259 934 2312 ira
963 2268 993 2313 ut
1018 2272 1122 2328 negare

133 2329 228 2386 minus
247 2332 350 2390 redium
376 2333 424 2390 dtr
452 2331 481 2389 hi
502 2334 686 2390 nihilominus
703 2333 785 2406 queri
811 2332 846 2390 de
865 2332 969 2404 injurio
988 2332 1121 2396 halienus

133 2419 194 2460 non
211 2404 338 2478 poliunt,
367 2408 461 2463 donec
483 2411 516 2464 ad
538 2406 718 2480 pretiantur
742 2407 810 2475 uui,
836 2425 920 2481 quam
943 2405 1121 2476 desulerant,
1176 2443 1179 2447 -

128 2497 239 2552 opem,
260 2481 331 2540 aiter
347 2483 402 2541 sese
418 2483 596 2554 peculiariter
611 2483 801 2540 obiitinxerit.
848 2485 952 2539 Verum
974 2481 1062 2541 statim
1084 2494 1124 2543 at·

132 2573 190 2630 que
207 2556 269 2614 data
287 2557 355 2614 fides
378 2557 436 2625 est,
463 2575 542 2631 aeque
564 2555 655 2616 valida
676 2556 707 2613 iit
731 2557 888 2630 obligatio,
916 2576 948 2615 ac
966 2573 1034 2632 quas
1060 2559 1121 2632 pie·

85 2631 88 2636 ’
128 2632 244 2690 niffimo
267 2635 329 2703 jure
356 2651 388 2692 ac
406 2651 454 2708 pet
484 2635 540 2692 viru
563 2635 647 2692 etiam
670 2633 736 2692 licet
761 2638 892 2707 exigere:
914 2649 940 2702 3.
961 2632 1122 2692 luserviunt

129 2723 249 2784 quoque
265 2711 307 2768 hae
329 2711 536 2769 conventiones
559 2709 708 2776 tollendis,
738 2727 799 2784 qua
820 2711 1038 2782 incumbebant,
1067 2710 1119 2768 oir-

127 2785 331 2858 ligariouibus:
360 2787 431 2846 utst
462 2784 588 2845 creditor
611 2785 736 2859 caprelie
762 2800 810 2844 aut
833 2788 918 2844 tacite
947 2785 1067 2843 liberare
1089 2785 1118 2847 ie

128 2860 288 2919 debitorem
316 2864 449 2921 testetur:
485 2879 516 2933 4.1
534 2863 668 2933 Denique
689 2862 746 2918 vim
773 2862 980 2920 conventiones
1009 2861 1118 2926 babent

123 2937 315 3011 interruptas,
337 2943 385 2997 aut
400 2940 483 2998 etiarn
506 2939 619 3011 penitus
640 2935 785 2995 exstinctas
807 2937 996 3010 obligationes
1014 2938 1115 2998 instau-

127 3012 220 3070 randi.
256 3013 343 3090 Quod
364 3016 391 3072 in
414 3014 574 3073 [radiatibus
603 3013 677 3086 pacis
700 3014 887 3087 conspicitur,
914 3014 1017 3087 quibus
1038 3034 1116 3077 cour.-

121 3089 240 3164 ponltur
260 3089 382 3146 beilum:
404 3093 470 3147 item
504 3092 530 3146 in
565 3088 618 3146 iliis
640 3090 892 3154 transactionibus,
920 3092 1022 3160 qulbus
1044 3109 1116 3150 uso.-

122 3181 184 3222 rem
200 3161 348 3236 adulterii,
370 3178 418 3223 aut
439 3165 553 3224 alterius
576 3167 728 3238 cujuspiam
750 3163 888 3236 perfidia,
905 3165 1003 3235 iniiam
1018 3167 1114 3226 divor.-

126 3241 169 3297 tio
183 3241 290 3297 causam
306 3241 472 3314 praebentis,
490 3241 642 3316 accusatam
658 3243 875 3316 convictamque
887 3247 1002 3307 maritus
1014 3242 1113 3322 digua.-

122 3327 172 3379 lut
193 3317 330 3392 recipere.
553 3395 569 3467 ᾗ
618 3393 675 3457 IX

162 3546 206 3603 Ex
220 3544 309 3623 ipsa}
346 3550 386 3606 Ut
406 3548 464 3606 ire.
482 3565 508 3621 g.
527 3545 652 3605 creditor
668 3543 791 3603 debitori
817 3555 964 3620 acceptum
989 3545 1017 3602 in
1033 3546 1109 3607 secu·

121 3625 235 3682 ritatem
251 3621 351 3682 crediti
368 3623 586 3697 chirographum
607 3623 728 3680 reddat:
748 3621 805 3678 hoc
829 3624 905 3680 enim
931 3621 990 3694 ipso
1012 3623 1035 3678 is
1053 3622 1108 3693 ieie

124 3699 160 3757 ad
174 3699 242 3755 uihii
266 3699 418 3770 petendum
442 3700 567 3772 obligat,·
589 3699 639 3757 nisr
658 3700 725 3757 alias
742 3697 868 3772 exprelia
890 3697 1107 3774 declaratione,
1177 3703 1182 3710 ’

121 3785 172 3844 ,aut
185 3775 291 3847 liquida
306 3777 424 3849 quadam
440 3775 643 3834 circumstantia
665 3775 819 3850 adpareat,
840 3774 888 3849 ipsr
904 3777 1027 3832 animum
1049 3794 1109 3838 non

122 3850 192 3918 eii'e,
215 3852 375 3910 debitorem
392 3853 527 3919 liberare,
550 3851 595 3908 sed
611 3864 717 3909 tantum
734 3853 816 3924 ipsius
838 3851 956 3909 arbitrio
977 3865 1062 3922 atque
1078 3854 1109 3922 ῆ-

122 3926 169 3984 dei
189 3929 303 3986 modurn
321 3941 373 3990 aut
400 3942 510 4001 tempus
525 3928 671 3985 solutionis
687 3929 865 4001 permittere,
886 3940 934 3988 aut
948 3928 1110 4000 compensa·

119 4003 229 4064 tionem
243 4004 388 4064 instituere
405 4005 457 4061 dte.
497 4004 544 4062 Sic
558 4020 675 4078 quoque
691 4017 727 4067 ex
743 4001 800 4076 ipsa
815 4001 924 4073 negotii
939 4015 1057 4074 natura,
1083 4006 1107 4061 is

122 4094 148 4141 e.
168 4095 212 4150 g.‚
233 4083 281 4150 qui
308 4085 336 4139 in
357 4079 516 4139 diversorio
540 4079 574 4137 ad
596 4080 717 4137 mensam
741 4077 872 4148 accedit,
891 4078 925 4132 ad
941 4077 1109 4138 solvendum

123 4153 253 4210 usitatum
270 4158 324 4213 cibi
339 4160 461 4230 pretium
476 4153 639 4212 consensriie
655 4156 835 4227 intelligitur:
857 4153 905 4210 etit
919 4153 1027 4212 nullum
1044 4172 1109 4222 cum
1175 4183 1195 4197 ’-

122 4229 235 4299 irosvire
250 4234 365 4290 verbum
388 4238 462 4292 circa
482 4232 538 4289 irnc
555 4232 781 4288 commutaverit.
831 4233 833 4236 ’
1153 4245 1158 4253 ·

140 4350 143 4358 .
160 4303 276 4380 allegarit·
289 4307 414 4397 natural
457 4309 540 4378 'salta
555 4307 710 4444 iuncosgna
724 4303 853 4382 quadam
868 4304 1029 4379 arbitraria,
1048 4324 1111 4386 gua

645 4397 727 4455 003
1058 4401 1113 4470 pro
