3034 5509
249 663 323 736 924
448 640 589 716 Nortn
619 640 678 737 Jo,
715 640 1029 712 Btaaaauactt

248 816 406 877 abeodem
431 816 574 875 deterrere
597 815 736 873 idoneum¹
750 813 801 872 est.
840 814 917 871 Vide
937 831 999 887 quae
1020 811 1172 871 tradentur
1192 814 1247 872 hu·

245 897 289 968 ius
302 898 399 967 capitis
415 895 439 966 i.
456 894 573 955 ultimo,
594 910 676 965 quem
691 910 755 948 cum
770 893 826 948 hoc
842 893 1012 964 conjungere
1028 908 1077 963 pat
1090 888 1199 947 millet,

286 972 416 1041 imputari
432 966 476 1042 isti
495 969 598 1045 pofftrttt
611 967 634 1043 ].
674 970 745 1027 Sunt
761 971 824 1025 lteic
843 983 897 1026 tres
920 967 1098 1023 conditiones
1113 969 1243 1024 omnino

249 1047 422 1112 necessarie,
447 1059 477 1101 ut
501 1047 651 1118 imputatio
679 1046 710 1102 stt
731 1044 812 1114 justa.
860 1062 884 1101 1.
907 1045 946 1100 Ut
967 1061 1050 1100 nexus
1072 1045 1173 1117 aliquis
1199 1046 1244 1099 orl

247 1123 411 1202 effetatiaiir,
439 1124 481 1178 vel
504 1124 690 1191 occidentalis,
718 1121 860 1193 itrtercetiat
883 1123 952 1176 inter
972 1121 1015 1181 id.
1043 1120 1107 1190 quod
1131 1119 1244 1195 soblem

210 1223 211 1227 ¹
247 1197 433 1275 ootomt‘ffum
458 1194 510 1272 esl,
532 1196 679 1267 &mulum
701 1199 791 1264 illud,
818 1197 959 1268 quotlinde
982 1200 1109 1270 provenit.
1154 1213 1183 1253 a.
1205 1197 1246 1254 Ut

249 1280 393 1335 innotuerit
414 1276 455 1330 bic
478 1290 578 1342 tremus,
606 1294 636 1330 oc
650 1277 789 1347 prouideri
807 1272 913 1349 offellus
928 1276 1096 1346 probabiliter
1115 1278 1245 1341 potuerit.

252 1370 280 1424 3.
302 1354 340 1409 Ut
355 1355 441 1424 aliquo
453 1350 571 1427 adfuerit
586 1354 710 1423 obligatio
727 1371 777 1407 rtorr
786 1350 909 1426 faciendi
925 1351 967 1412 id,
989 1350 1053 1421 qood
1069 1350 1118 1404 tuli
1133 1347 1247 1425 offelini

250 1428 403 1501 occofitrtem
417 1427 497 1484 dedit.
538 1427 696 1486 Deficiente
719 1445 774 1485 uua
793 1444 827 1483 ex
842 1428 885 1483 bis
903 1424 1115 1483 conditionibus
1125 1444 1137 1491 ,Χ
1159 1428 1246 1482 celiat

251 1508 339 1564 etiam
366 1507 526 1577 imputatio.
578 1505 757 1562 Concurrunt
780 1503 889 1576 singulae
913 1520 949 1559 eo
977 1502 1057 1566 calu,
1086 1518 1148 1574 quo
1179 1504 1246 1575 quis

253 1583 333 1642 cotta
350 1583 475 1639 calcem
495 1582 540 1637 via
556 1584 648 1651 regia,
670 1594 718 1636 aut
733 1579 826 1637 media
843 1580 951 1651 platea,
971 1579 1123 1634 calcariam
1147 1591 1248 1651 tegere

253 1660 403 1723 asseribus,
425 1675 472 1715 aut
489 1658 619 1714 cancellis
635 1661 743 1713 munite
760 1657 930 1729 neglexerit,
952 1657 1063 1727 nequis
1079 1655 1168 1710 uoltu
1190 1654 1249 1710 ior·

255 1750 286 1794 te
301 1737 452 1798 illabatur,
481 1748 529 1789 aut
551 1751 620 1805 puer
642 1734 765 1791 interdiu
788 1737 816 1790 in
840 1749 902 1788 eam
925 1730 1058 1805 prodii-tt.
1105 1731 1250 1790 Defeilus

253 1814 357 1887 prioris
378 1810 551 1866 conditionis
574 1812 696 1866 cernitur
725 1813 752 1867 itt
776 1810 911 1866 sententia
937 1826 952 1862 a
980 1808 1028 1864 Cn.
1055 1805 1151 1883 Pisone
1174 1807 1248 1874 lata,

255 1891 335 1945 cuius
352 1889 481 1943 meminit
501 1887 620 1947 Snuact
637 1887 667 1942 de
683 1886 729 1942 lto
743 1890 788 1942 lib.
807 1886 831 1942 l.
852 1900 909 1958 cop.
929 1891 972 1943 16.
1001 1885 1129 1942 Pertinet
1149 1884 1251 1942 &huc

226 1968 227 1971 ’
255 1962 353 2020 fabula
372 1963 407 2017 de
429 1962 502 2031 Lupo
524 1960 549 2017 bt
572 1967 670 2034 Agna,
691 1964 792 2018 eodem
819 1962 900 2018 fonte
916 1962 1087 2018 bibentibus.
1128 1962 1250 2020 Deeffet

257 2040 347 2096 altera
369 2039 499 2095 conditio
515 2037 593 2102 calu,
614 2055 671 2111 quo
685 2040 747 2111 quis
768 2039 825 2094 lata
846 2056 862 2094 a
881 2039 1009 2108 virgine,
1029 2054 1114 2110 quam
1141 2041 1250 2096 ambie-

257 2118 325 2183 bat,
345 2115 472 2186 repulia,
493 2128 613 2170 autnon
631 2131 747 2188 accepta
763 2130 879 2181 mutuo,
900 2131 983 2188 quam
1008 2115 1144 2185 petebat,
1165 2133 1252 2190 pecu·

195 2241 199 2248 .
260 2195 326 2260 nia,
345 2192 448 2263 laqueo
465 2191 491 2248 se
505 2208 560 2262 pta
576 2207 695 2248 ntoerore
710 2191 878 2249 suffocaffet.
915 2191 1021 2249 Deficit
1045 2193 1130 2262 tertia
1149 2195 1249 2250 condi·

258 2273 318 2335 tio,
339 2264 451 2341 quoties
476 2270 563 2324 utitur
586 2270 648 2340 quit
669 2282 777 2326 tantum
803 2269 852 2325 suo
870 2270 946 2338 iure,
975 2284 1029 2325 nec
1051 2268 1120 2324 alias
1144 2271 1248 2326 malum

258 2345 327 2406 inde
344 2348 371 2403 in
387 2347 463 2401 hunc
479 2346 522 2401 vel
540 2344 615 2401 ilium
629 2349 755 2419 proxime
773 2359 976 2419 proventurum
990 2344 1180 2415 conspicuum
1202 2358 1251 2404 aut

260 2425 365 2494 etiam,
392 2422 439 2478 ubi
462 2421 590 2491 suspicari
615 2436 768 2495 utcunque¹
782 2425 837 2480 hoc
860 2421 961 2488 liceat,
988 2438 1046 2478 non
1063 2421 1139 2478 foret
1156 2437 1251 2480 tamen

259 2501 413 2556 valiturum
435 2499 471 2555 ad
499 2498 567 2556 illud
596 2497 833 2571 precavendum,
859 2500 927 2569 juris
954 2498 992 2554 sui
1020 2497 1074 2556 usu
1100 2498 1252 2556 abitinere.

262 2575 346 2636 Sicst
375 2576 517 2634 Dominus
544 2574 643 2632 adium
664 2578 692 2633 in
711 2579 826 2649 proptia
853 2594 918 2633 area
944 2575 1048 2632 calcem
1070 2578 1205 2644 currerim
1227 2575 1253 2633 dt

262 2653 429 2725 retonuit,
461 2655 505 2708 cui
521 2651 589 2708 nihil
609 2654 649 2709 ibi
670 2656 778 2724 negotii
798 2651 859 2720 est,
879 2652 963 2710 noiiu
984 2651 1123 2710 accedens
1146 2656 1175 2709 in
1198 2653 1253 2709 cal-

252 2733 370 2788 *cariam
391 2727 515 2796 incidat3
542 2730 646 2787 habeat
667 2731 689 2786 is
712 2729 771 2788 fibi.
817 2731 864 2788 Sic
887 2731 937 2802 qui
955 2730 1051 2785 vinum
1076 2746 1182 2786 venum
1207 2733 1254 2786 lra-

264 2808 351 2870 beut,
372 2822 431 2862 non
456 2807 523 2862 ideo
546 2804 636 2862 statim
661 2807 696 2862 ab
719 2824 756 2863 eo
775 2809 927 2863 vendendo
944 2819 1074 2862 tenentur
1090 2805 1254 2874 abstinete,

264 2883 344 2955 quod
361 2882 508 2955 probabile
532 2879 581 2948 stt,
604 2880 686 2947 lore,
708 2897 738 2939 ut
758 2882 851 2954 plures
871 2899 908 2938 eo
932 2884 1131 2949 inebrientur,
1153 2902 1187 2940 ac
1206 2901 1252 2938 va·

263 2961 313 3016 riis
340 2956 443 3014 deinde
468 2959 544 3013 vitiis
569 2958 712 3013 temulenti
739 2959 915 3032 indulgeant.
959 2960 1149 3032 Ptaeterquam
1177 2962 1253 3017 enim

265 3033 345 3108 quod
359 3038 394 3089 in
417 3033 582 3089 antecessum
610 3049 667 3089 non
687 3033 815 3099 constat,
843 3039 891 3109 qui
917 3033 1009 3092 fotian
1023 3036 1086 3108 plus
1104 3036 1181 3106 justo
1203 3036 1254 3095 lint

266 3112 427 3184 epotatur'r:
455 3109 502 3166 etb
520 3111 643 3166 manime
664 3113 719 3168 buc
738 3111 896 3180 constatet3
916 3116 1069 3178 negaretis
1093 3116 1192 3170 vinum
1215 3128 1255 3169 ta·

266 3186 549 3322 npenbsupetuacuum
569 3185 662 3254 foret,
684 3190 847 3261 patentibus
868 3191 969 3262 quavis
985 3189 1080 3266 platea
1096 3191 1254 3266 oenopoliit

298 3282 337 3321 utt
361 3282 401 3322 us.
716 3293 718 3300 v

262 3283 285 3347 p
309 3341 448 3424 Quantum
469 3340 604 3399 earundem
627 3354 699 3415 opero
718 3343 764 3399 vel
782 3343 914 3415 negleiirrs
926 3342 949 3418 ].
990 3343 1187 3416 Sicagticolae
1206 3355 1257 3404 aut

268 3422 387 3478 vinitori
409 3424 522 3476 ubertas
543 3433 726 3494 prouentus,
746 3420 790 3475 uel
813 3419 941 3477 sterilitas
969 3421 1140 3493 imputatur,
1170 3437 1257 3494 prout

268 3499 299 3556 ip
319 3495 440 3553 colenda
462 3509 537 3553 terta
563 3496 662 3553 debito
684 3510 811 3570 ternpore
838 3513 956 3570 uterque
977 3497 1120 3567 operosior
1144 3495 1256 3569 fuerit,

268 3573 317 3630 vel
340 3571 538 3645 negligentior.
577 3574 708 3630 Tenetur
721 3575 783 3643 quis
806 3590 892 3646 porro
915 3574 950 3630 de
965 3573 1070 3632 damno
1090 3591 1142 3648 pet
1159 3575 1280 3635 incen·'

270 3650 348 3707 dium
370 3649 455 3714 dato,
473 3666 530 3705 nott
547 3663 655 3705 tantum
672 3649 690 3705 st
710 3651 801 3720 iguem
817 3650 874 3722 ipse
894 3652 998 3709 aedibus
1021 3652 1184 3721 subjecerim
1211 3649 1260 3710 ted

270 3728 357 3784 etiam
378 3724 396 3781 fi
423 3726 616 3796 imprudenter
634 3743 722 3798 prope
742 3727 967 3799 receptaculum,
988 3729 1186 3803 quo=puiveris
1208 3745 1260 3803 pp·

272 3806 326 3871 tii,
346 3816 395 3860 aut
410 3803 557 3864 horreum,
578 3817 637 3875 quo
652 3802 720 3860 loeni
735 3806 818 3873 copia
833 3803 1008 3870 adservatur,
1031 3805 1195 3862 emittendis
1210 3823 1264 3879 py-

272 3881 384 3939 robolis
406 3880 434 3936 se
455 3877 663 3944 oblestaverit‚
690 3892 738 3937 aut
761 3881 871 3938 calamo
893 3880 1049 3940 fumatotio
1068 3883 1110 3938 ori
1132 3881 1264 3953 adpeaso

188 3996 193 4011 ,
274 3956 416 4025 eiusmodi
436 3955 656 4013 ioca-incesserit
672 3955 724 4012 bc.
746 3957 814 4014 item
828 3960 914 4017 etiam
936 3958 956 4015 st
977 3958 1125 4030 consperto
1142 3958 1264 4034 aliquo.

274 4035 323 4108 qui
340 4034 463 4092 flammas
484 4032 602 4090 aedilicio
619 4031 766 4100 subderet,
786 4051 844 4089 nott
869 4036 1097 4094 manifestaverit.
1210 4040 1214 4047 '

216 4146 223 4161 .
314 4109 370 4189 Qui
390 4113 458 4167 alius
472 4108 554 4183 supro
570 4111 705 4167 humanam
729 4109 893 4170 drumonem
905 4111 1004 4190 sulii]-
1039 4114 1086 4172 Sic
1108 4109 1145 4169 ad
1161 4105 1268 4188 preces

275 4183 342 4241 Elio
363 4186 510 4261 Propheta
532 4188 611 4244 Deus
635 4204 686 4260 per
711 4200 765 4246 tres
792 4204 882 4244 annos
909 4189 1104 4247 &dimidium
1132 4189 1268 4256 pluviam

275 4261 415 4338 rennuit,
454 4279 487 4323 ac
511 4262 617 4330 deindo
644 4265 746 4331 iterum
773 4264 887 4328 indulfit
913 4265 1008 4344 alleg.
1034 4279 1092 4343 cop.
1117 4267 1216 4403 ΧΨ.
1242 4282 1271 4326 1.

1187 4344 1276 4406 vlu.
