3034 5509
419 598 502 723 io
535 601 635 680 sm.
669 542 1081 694 PurJaunorarstM·
1105 605 1184 684 μ
1213 614 1293 709 939

734 779 759 853 i.
798 781 834 838 V.

334 931 444 990 Illlrllum
462 935 616 992 attributum
640 937 669 993 r'rt
692 932 783 990 Deum
799 931 910 999 cadere,
931 934 996 1007 quod
1012 930 1148 1009 aliquant]
1169 935 1287 998 Certum

286 1009 410 1081 'quidem
427 1009 479 1071 esi.
502 1014 609 1068 nullum
632 1012 698 1067 Deo
713 1010 878 1068 attributum
901 1010 956 1069 effe
972 1012 1186 1085 adsignandum,
1209 1013 1290 1087 quod

296 1085 379 1142 ullam
396 1087 526 1144 involvat
548 1087 816 1160 lorpersec'lionem:
837 1086 875 1143 Ar
894 1087 969 1146 bene
987 1090 1141 1147 notandum
1159 1089 1291 1146 observa·

295 1163 403 1218 tionem
422 1162 502 1231 buius
519 1162 620 1225 regulae
636 1164 782 1220 relatiuam
798 1164 852 1219 elle
867 1162 901 1218 ad
918 1179 1031 1238 captum
1048 1164 1287 1238 uniuscujusque:

294 1241 402 1312 quippe
425 1255 488 1316 cum
517 1239 674 1311 adscribere
701 1239 929 1313 imperseiliones
956 1241 1076 1297 Numidi
1098 1244 1161 1316 quis
1183 1242 1285 1313 prout,

293 1330 363 1387 quas
387 1330 439 1385 pro
456 1315 557 1371 rabbus
583 1331 640 1370 non
664 1312 767 1372 babeat
785 1333 795 1384 ς
815 1330 874 1390 quo
898 1314 960 1372 casu
983 1319 1150 1374 reuerentia
1175 1319 1201 1374 in
1217 1317 1289 1375 iilud

294 1408 326 1446 ac
349 1388 467 1445 lionoris
492 1391 642 1457 desedtus,
663 1391 757 1448 saltem
784 1390 966 1461 formaliter,
987 1410 1044 1450 non
1065 1394 1206 1466 proditur.
1246 1397 1290 1453 Ut

293 1482 365 1521 veto
389 1467 520 1537 condet,
543 1484 575 1522 arr
599 1481 666 1523 tunc
684 1468 747 1542 quis
772 1469 806 1524 de
829 1484 927 1542 errore
946 1483 1095 1528 teneatur:
1118 1469 1290 1542 dislinguen·

294 1540 360 1596 dum
375 1540 413 1596 eli
426 1541 499 1600 inter
514 1547 653 1620 graviores
668 1543 725 1600 illas
739 1542 956 1618 imperfeiiiones,
980 1562 1041 1618 quae
1063 1547 1089 1602 in
1107 1543 1197 1601 sensus
1214 1547 1290 1617 quali
1365 1544 1369 1549 ’

294 1616 455 1682 incurrrrnt;
478 1619 504 1676 dr
523 1617 667 1692 subtiliores
687 1619 907 1696 imperfetir'mem
927 1638 995 1697 quas
1010 1637 1069 1679 non
1092 1620 1143 1678 nlsr
1159 1621 1290 1682 adbibita

293 1690 481 1752 meditatione
497 1714 528 1753 ac
552 1698 720 1771 perspicacia
743 1699 819 1772 vulgi
837 1710 949 1773 captum
970 1699 1134 1771 superante,
1157 1696 1223 1753 licet
1241 1697 1290 1756 de·

292 1781 399 1840 tegere.
422 1769 481 1829 'Ad
497 1774 620 1847 priorem
638 1771 745 1831 classem
764 1776 945 1847 pertinebant
961 1774 1104 1850 pleraeque
1120 1772 1233 1844 gentilis
1249 1772 1290 1831 su·
1349 1826 1351 1831 s

291 1842 464 1917 perstitionis
478 1867 512 1906 ac
534 1848 702 1907 idololatria
718 1852 972 1920 hallucinationes,
993 1853 1098 1924 quibus
1111 1848 1179 1906 Deo
1195 1849 1290 1907 botni-

291 1938 358 1978 num
380 1935 439 1981 non
463 1925 553 1984 solum
574 1925 752 1997 indigentia,
774 1927 820 1984 sed
838 1942 956 1999 quoque
972 1926 1155 1984 Infirmitates.
1171 1942 1203 1981 ac
1219 1925 1289 1985 vitia

291 1996 347 2065 ipsa
363 1995 586 2073 adfingebantut.
625 2000 787 2060 Referenda
807 2001 905 2060 &huc
928 2019 1027 2061 eorum
1044 2001 1083 2061 est
1098 1999 1218 2074 opinio,
1237 2005 1289 2073 qui

289 2072 383 2130 Deutu
400 2079 509 2146 peccati
532 2079 674 2137 audiorem
691 2079 892 2137 conllituunt:
913 2079 1001 2148 item,
1024 2077 1074 2155 qui
1096 2094 1160 2136 cunr
1178 2078 1216 2134 ita
1236 2079 1287 2137 fibi

292 2149 473 2227 concipiunt,
496 2174 529 2212 ac
542 2154 561 2212 fi
576 2153 708 2212 homines
728 2155 793 2212 talia
810 2154 881 2212 velit
897 2155 1052 2229 suscipere,
1067 2171 1130 2230 quae
1144 2154 1213 2211 citra
1229 2155 1289 2226 pia-

291 2225 386 2284 culunr
403 2228 463 2286 fieri
482 2243 642 2303 nequeunt:
666 2231 744 2300 cujus
769 2230 865 2288 farina>
885 2232 947 2287 sunt
969 2229 1097 2288 fautores
1111 2229 1287 2302 persecutio-

279 2303 335 2360 nis
357 2318 392 2360 ex
414 2305 493 2361 causa
515 2305 685 2374 Religionis.
727 2308 885 2366 Enimvero
909 2307 982 2363 circa
1004 2307 1061 2362 Dei
1083 2304 1283 2380 omniscientiant

291 2396 317 2435 e.
339 2396 364 2450 g.
382 2394 427 2438 aut
444 2380 690 2455 omnipraesentium,
713 2382 785 2440 uid
807 2397 897 2454 genus
921 2382 975 2438 alia
995 2398 1058 2454 quae
1072 2380 1107 2436 ad
1123 2382 1283 2442 intimiores

290 2468 395 2512 naturae
414 2457 516 2514 divitrae
530 2458 648 2515 recessus
668 2457 806 2532 spectant,
827 2455 910 2514 facile
930 2456 991 2524 est,
1014 2470 1045 2514 ut
1060 2456 1129 2514 salsae
1145 2459 1284 2528 quaepiam

294 2530 434 2604 obrepant
454 2535 616 2602 notionet3
648 2534 685 2592 ita
705 2547 736 2591 ut
758 2535 806 2592 vel
826 2532 1014 2591 attentiffimis
1035 2531 1287 2607 perspicacisfimis·

291 2621 363 2676 que,
387 2608 453 2666 dum
474 2610 545 2667 ultra
569 2609 646 2684 vulgi
666 2609 797 2684 spheram
818 2608 1007 2676 adscendunt,
1030 2627 1087 2668 non
1109 2624 1221 2668 cautum
1236 2612 1285 2684 sit,

289 2685 443 2758 quominus
459 2687 488 2745 ln
504 2687 628 2763 aliquem
643 2704 771 2746 errorem
786 2686 895 2762 ipsimet
915 2686 1077 2746 illabantur.

719 2843 745 2918 l·
786 2841 852 2901 vr.

332 2992 445 3069 Horon]
468 2994 505 3053 Ilt
523 2996 580 3068 ipse
602 2997 706 3056 Autror
725 2999 752 3055 in
778 2996 875 3070 Opere
896 2996 1005 3068 Maiori
1020 2996 1067 3054 iila
1088 2994 1167 3055 VIII.
1182 3009 1238 3072 cap.
1254 3010 1286 3067 t)

291 3075 317 3149 q.
336 3088 378 3129 rr.
401 3086 485 3146 atque
501 3073 558 3129 boc
578 3073 752 3149 compendio
772 3076 818 3131 lr'lr.
833 3073 868 3130 II.
891 3087 947 3148 cop.
971 3090 1016 3144 14.
1034 3076 1059 3150 i.
1081 3091 1124 3132 rr·
1144 3075 1226 3134 aliter
1240 3072 1285 3133 br·
1306 3091 1309 3097 ·

289 3149 514 3217 mandetur,
544 3151 658 3226 hocque
680 3151 739 3225 ipso
762 3150 837 3223 signa
858 3165 977 3209 externa
1000 3151 1154 3227 intelligit,
1175 3167 1281 3227 quoue

288 3228 425 3302 judicium
445 3225 571 3284 nosirum
589 3229 624 3284 de
641 3229 756 3284 alterius
780 3226 938 3297 prestantia
960 3227 1101 3287 testamur.
1140 3227 1218 3286 lsiud
1238 3245 1283 3286 te·

285 3322 359 3379 ¹vera
374 3304 542 3362 vocabulum
559 3305 652 3362 hoece
672 3303 812 3366 involvitt
834 3307 872 3363 ita
894 3317 926 3361 ut
944 3305 1111 3363 denotando
1130 3306 1216 3362 cultui
1235 3319 1284 3359 ex·

289 3394 361 3440 terno
386 3381 498 3453 potins,
519 3397 603 3452 quam
626 3384 728 3438 interno
745 3421 755 3447 ,
774 3380 907 3446 adplicari
928 3378 1019 3447 p'offit.
1067 3379 1199 3437 Crterutn
1220 3393 1281 3436 non

289 3459 378 3516 solum
394 3454 619 3513 confideretione
630 3459 748 3531 potentie
762 3457 788 3513 u
804 3458 928 3513 bonitatis
942 3457 997 3514 Dei
1016 3452 1148 3511 fundatur
1163 3472 1281 3515 venera·

290 3535 333 3591 tio
350 3533 412 3600 illo,
433 3546 489 3603 qua
504 3532 660 3591 absolvitur
680 3535 768 3590 cultus
789 3534 931 3591 internus:
953 3528 1071 3588 eandem
1087 3547 1139 3604 pro
1162 3543 1220 3590 rata
1240 3531 1282 3590 ln·

289 3609 459 3685 grediuntur
476 3610 559 3671 etiam
575 3610 689 3685 reliquae
708 3627 809 3673 omnes
830 3622 936 3669 nature
952 3607 1054 3665 divinae
1073 3606 1282 3680 perfectiores,

290 3690 319 3746 in
338 3696 475 3760 'quantum
490 3687 574 3744 nobis
589 3690 649 3746 sunt
664 3689 808 3761 cognita:
829 3687 857 3744 in
877 3686 978 3763 primis,
986 3685 1121 3763 sapientia
1133 3681 1281 3763 &scientio

289 3760 413 3840 infinita,
434 3779 552 3835 quarum
565 3766 624 3824 baec
640 3766 794 3831 necessario
810 3765 845 3824 ad
862 3761 1060 3838 perscrutanda
1074 3760 1162 3820 corda
1177 3763 1281 3828 nolite.

290 3844 489 3914 internamque
504 3842 690 3900 devotionem
709 3841 900 3916 recipiendam
931 3841 1092 3914 requiritur.
1131 3839 1223 3897 Porro
1243 3838 1282 3896 ad

289 3931 427 3978 externum
443 3921 541 3978 cultum
557 3919 663 3980 Auster
679 3920 745 3976 talia
760 3919 868 3984 refert,
888 3937 949 3991 quae
965 3918 1049 3975 etiam
1065 3914 1092 3972 ἃ
1107 3916 1281 3989 potiliinrum

274 3997 324 4054 ad
346 4002 443 4072 pultum
463 4001 595 4055 internum
614 3999 781 4070 pertinent,
801 4012 855 4052 eeu
876 3996 991 4067 adparet
1014 4011 1050 4056 ex
1064 4006 1126 4053 noto
1144 4012 1168 4052 1.
1184 3996 1209 4071 i.
1222 3989 1279 4070 seq.

290 4076 364 4131 inter
388 4077 440 4133 alia
460 4076 677 4142 admirationem,
698 4090 761 4148 qua
776 4073 823 4141 vel
846 4073 939 4148 primo
954 4072 1023 4131 loco
1042 4071 1112 4149 poni
1128 4071 1280 4139 debuissem

289 4151 520 4230 quondoquidem
543 4171 576 4212 ea
593 4152 699 4226 primus
716 4151 822 4224 ¹utique
844 4149 935 4207 sensus
957 4145 1019 4215 est,
1048 4164 1132 4217 quem
1159 4149 1286 4208 excitate

281 4224 322 4295 {in
343 4230 427 4290 nobis
451 4227 640 4295 consideratio
661 4227 871 4306 periculonum
899 4229 928 4287 in
952 4224 1113 4288 universum
1139 4223 1283 4369 apodes}

502 4331 506 4337 .
730 4335 756 4361 χ,
1233 4317 1249 4360 u
