<?xml version="1.0" encoding="UTF-8"?>
<!DOCTYPE html PUBLIC "-//W3C//DTD XHTML 1.0 Transitional//EN"
    "http://www.w3.org/TR/xhtml1/DTD/xhtml1-transitional.dtd">
<html xmlns="http://www.w3.org/1999/xhtml" xml:lang="en" lang="en">
 <head>
  <title>
</title>
<meta http-equiv="Content-Type" content="text/html;charset=utf-8" />
  <meta name='ocr-system' content='tesseract 3.04.00' />
  <meta name='ocr-capabilities' content='ocr_page ocr_carea ocr_par ocr_line ocrx_word'/>
</head>
<body>
  <div class='ocr_page' id='page_1' title='image "./spufendorfiideo00pufegoog_0385.png"; bbox 0 0 3034 5509; ppageno 0'>
   <div class='ocr_carea' id='block_1_1' title="bbox 294 690 1136 788">
    <p class='ocr_par' dir='ltr' id='par_1_1' title="bbox 294 690 1136 788">
     <span class='ocr_line' id='line_1_1' title="bbox 294 690 1136 788; baseline 0 -18"><span class='ocrx_word' id='word_1_1' title='bbox 294 690 350 770; x_wconf 72' lang='lat' dir='ltr'>ln</span> <span class='ocrx_word' id='word_1_2' title='bbox 382 692 481 771; x_wconf 78' lang='lat' dir='ltr'>Sari.</span> <span class='ocrx_word' id='word_1_3' title='bbox 516 694 806 769; x_wconf 79' lang='lat' dir='ltr'>Punnrrnonr.</span> <span class='ocrx_word' id='word_1_4' title='bbox 839 693 933 771; x_wconf 86' lang='lat' dir='ltr'>Ltn.</span> <span class='ocrx_word' id='word_1_5' title='bbox 960 695 987 769; x_wconf 88' lang='lat' dir='ltr'>I.-</span> <span class='ocrx_word' id='word_1_6' title='bbox 1061 708 1136 788; x_wconf 82' lang='lat'>915</span> 
     </span>
    </p>
   </div>
   <div class='ocr_carea' id='block_1_2' title="bbox 89 868 1171 4547">
    <p class='ocr_par' dir='ltr' id='par_1_2' title="bbox 89 868 1171 4547">
     <span class='ocr_line' id='line_1_2' title="bbox 145 868 1134 947; baseline 0.001 -17"><span class='ocrx_word' id='word_1_7' title='bbox 145 869 222 930; x_wconf 85' lang='lat' dir='ltr'>ultro</span> <span class='ocrx_word' id='word_1_8' title='bbox 238 872 264 931; x_wconf 83' lang='lat' dir='ltr'>se</span> <span class='ocrx_word' id='word_1_9' title='bbox 279 873 413 947; x_wconf 80' lang='lat' dir='ltr'>proderet</span> <span class='ocrx_word' id='word_1_10' title='bbox 436 870 599 945; x_wconf 88' lang='lat' dir='ltr'>turpitudo;</span> <span class='ocrx_word' id='word_1_11' title='bbox 626 868 645 926; x_wconf 86' lang='lat' dir='ltr'>sr</span> <span class='ocrx_word' id='word_1_12' title='bbox 669 868 846 944; x_wconf 81' lang='lat' dir='ltr'>liquidissima</span> <span class='ocrx_word' id='word_1_13' title='bbox 868 869 936 927; x_wconf 84' lang='lat' dir='ltr'>alias</span> <span class='ocrx_word' id='word_1_14' title='bbox 967 873 995 928; x_wconf 92' lang='lat' dir='ltr'>in</span> <span class='ocrx_word' id='word_1_15' title='bbox 1020 875 1134 932; x_wconf 71' lang='lat' dir='ltr'>univer³</span> 
     </span>
     <span class='ocr_line' id='line_1_3' title="bbox 145 947 1070 1025; baseline 0 -19"><span class='ocrx_word' id='word_1_16' title='bbox 145 950 204 1006; x_wconf 88' lang='lat' dir='ltr'>sum</span> <span class='ocrx_word' id='word_1_17' title='bbox 226 953 339 1021; x_wconf 82' lang='lat' dir='ltr'>cognita</span> <span class='ocrx_word' id='word_1_18' title='bbox 360 952 498 1025; x_wconf 89' lang='lat' dir='ltr'>principia</span> <span class='ocrx_word' id='word_1_19' title='bbox 515 947 648 1021; x_wconf 73' lang='lat' dir='ltr'>tantisper</span> <span class='ocrx_word' id='word_1_20' title='bbox 664 949 699 1003; x_wconf 92' lang='lat' dir='ltr'>ad</span> <span class='ocrx_word' id='word_1_21' title='bbox 719 949 843 1004; x_wconf 89' lang='lat' dir='ltr'>animum</span> <span class='ocrx_word' id='word_1_22' title='bbox 860 965 1070 1006; x_wconf 82' lang='lat' dir='ltr'>revocarentur.</span> 
     </span>
     <span class='ocr_line' id='line_1_4' title="bbox 180 1023 1130 1102; baseline 0 -20"><span class='ocrx_word' id='word_1_23' title='bbox 180 1027 248 1082; x_wconf 83' lang='lat' dir='ltr'>Solet</span> <span class='ocrx_word' id='word_1_24' title='bbox 261 1030 352 1084; x_wconf 82' lang='lat' dir='ltr'>uocari</span> <span class='ocrx_word' id='word_1_25' title='bbox 361 1027 384 1102; x_wconf 85' lang='lat'>].</span> <span class='ocrx_word' id='word_1_26' title='bbox 426 1026 511 1082; x_wconf 85' lang='lat' dir='ltr'>Prout</span> <span class='ocrx_word' id='word_1_27' title='bbox 527 1026 600 1081; x_wconf 89' lang='lat' dir='ltr'>hanc</span> <span class='ocrx_word' id='word_1_28' title='bbox 615 1023 795 1101; x_wconf 79' lang='lat' dir='ltr'>conscientia</span> <span class='ocrx_word' id='word_1_29' title='bbox 818 1023 936 1097; x_wconf 57' lang='lat' dir='ltr'>speciem</span> <span class='ocrx_word' id='word_1_30' title='bbox 957 1026 1055 1084; x_wconf 86' lang='lat' dir='ltr'>delinit</span> <span class='ocrx_word' id='word_1_31' title='bbox 1071 1027 1130 1084; x_wconf 88' lang='lat' dir='ltr'>Au·</span> 
     </span>
     <span class='ocr_line' id='line_1_5' title="bbox 143 1096 1131 1177; baseline 0.002 -19"><span class='ocrx_word' id='word_1_32' title='bbox 143 1103 217 1173; x_wconf 74' lang='lat' dir='ltr'>flor3</span> <span class='ocrx_word' id='word_1_33' title='bbox 231 1103 374 1160; x_wconf 81' lang='lat' dir='ltr'>-uocanda</span> <span class='ocrx_word' id='word_1_34' title='bbox 396 1103 494 1159; x_wconf 88' lang='lat' dir='ltr'>rnclius</span> <span class='ocrx_word' id='word_1_35' title='bbox 517 1100 671 1173; x_wconf 71' lang='lat' dir='ltr'>conriierrtia</span> <span class='ocrx_word' id='word_1_36' title='bbox 689 1096 890 1171; x_wconf 63' lang='lat' dir='ltr'>demonstrativa</span> <span class='ocrx_word' id='word_1_37' title='bbox 908 1101 993 1160; x_wconf 72' lang='lat' dir='ltr'>ess&#39;etz-</span> <span class='ocrx_word' id='word_1_38' title='bbox 1024 1108 1131 1177; x_wconf 83' lang='lat' dir='ltr'>quippe</span> 
     </span>
     <span class='ocr_line' id='line_1_6' title="bbox 143 1175 1129 1250; baseline 0.004 -16"><span class='ocrx_word' id='word_1_39' title='bbox 143 1195 206 1237; x_wconf 90' lang='lat' dir='ltr'>cunr</span> <span class='ocrx_word' id='word_1_40' title='bbox 224 1180 349 1237; x_wconf 77' lang='lat' dir='ltr'>rediendo</span> <span class='ocrx_word' id='word_1_41' title='bbox 362 1179 542 1236; x_wconf 78' lang='lat' dir='ltr'>conscientie</span> <span class='ocrx_word' id='word_1_42' title='bbox 563 1175 722 1250; x_wconf 85' lang='lat' dir='ltr'>simpliciter</span> <span class='ocrx_word' id='word_1_43' title='bbox 744 1177 869 1245; x_wconf 82' lang='lat' dir='ltr'>ejusdem</span> <span class='ocrx_word' id='word_1_44' title='bbox 897 1183 1129 1238; x_wconf 71' lang='lat' dir='ltr'><strong>convenientiam</strong></span> 
     </span>
     <span class='ocr_line' id='line_1_7' title="bbox 142 1251 1171 1330; baseline 0.003 -20"><span class='ocrx_word' id='word_1_45' title='bbox 142 1271 204 1313; x_wconf 91' lang='lat' dir='ltr'>curn</span> <span class='ocrx_word' id='word_1_46' title='bbox 225 1256 287 1323; x_wconf 66' lang='lat' dir='ltr'>lege</span> <span class='ocrx_word' id='word_1_47' title='bbox 312 1257 444 1312; x_wconf 82' lang='lat' dir='ltr'>denotet:</span> <span class='ocrx_word' id='word_1_48' title='bbox 474 1251 672 1330; x_wconf 65' lang='lat' dir='ltr'>&amp;constitutio</span> <span class='ocrx_word' id='word_1_49' title='bbox 691 1255 830 1324; x_wconf 79' lang='lat' dir='ltr'>prolroltr&#39;lir</span> <span class='ocrx_word' id='word_1_50' title='bbox 848 1254 959 1321; x_wconf 90' lang='lat' dir='ltr'>itidem,</span> <span class='ocrx_word' id='word_1_51' title='bbox 996 1258 1130 1313; x_wconf 79' lang='lat' dir='ltr'>censente</span> <span class='ocrx_word' id='word_1_52' title='bbox 1169 1272 1171 1277; x_wconf 83' lang='lat'>·</span> 
     </span>
     <span class='ocr_line' id='line_1_8' title="bbox 140 1331 1132 1405; baseline 0.001 -16"><span class='ocrx_word' id='word_1_53' title='bbox 140 1333 282 1398; x_wconf 72' lang='lat' dir='ltr'>nudare,</span> <span class='ocrx_word' id='word_1_54' title='bbox 313 1350 362 1405; x_wconf 80' lang='lat' dir='ltr'>per</span> <span class='ocrx_word' id='word_1_55' title='bbox 383 1333 409 1389; x_wconf 85' lang='lat' dir='ltr'>le</span> <span class='ocrx_word' id='word_1_56' title='bbox 433 1347 497 1388; x_wconf 92' lang='lat' dir='ltr'>cum</span> <span class='ocrx_word' id='word_1_57' title='bbox 519 1331 580 1403; x_wconf 87' lang='lat' dir='ltr'>lege</span> <span class='ocrx_word' id='word_1_58' title='bbox 601 1341 748 1403; x_wconf 81' lang='lat' dir='ltr'><strong>congruat.</strong></span> <span class='ocrx_word' id='word_1_59' title='bbox 800 1331 833 1387; x_wconf 92' lang='lat' dir='ltr'>ln</span> <span class='ocrx_word' id='word_1_60' title='bbox 858 1345 916 1402; x_wconf 92' lang='lat' dir='ltr'>qno</span> <span class='ocrx_word' id='word_1_61' title='bbox 945 1345 1040 1388; x_wconf 91' lang='lat' dir='ltr'>tamen</span> <span class='ocrx_word' id='word_1_62' title='bbox 1062 1332 1132 1390; x_wconf 69' lang='lat' dir='ltr'>falla</span> 
     </span>
     <span class='ocr_line' id='line_1_9' title="bbox 139 1407 1132 1481; baseline 0.002 -17"><span class='ocrx_word' id='word_1_63' title='bbox 139 1412 240 1465; x_wconf 89' lang='lat' dir='ltr'>nititur</span> <span class='ocrx_word' id='word_1_64' title='bbox 256 1408 419 1481; x_wconf 81' lang='lat' dir='ltr'>lrypotlresr:</span> <span class='ocrx_word' id='word_1_65' title='bbox 443 1407 558 1464; x_wconf 80' lang='lat' dir='ltr'>&amp;enim</span> <span class='ocrx_word' id='word_1_66' title='bbox 578 1424 642 1464; x_wconf 94' lang='lat' dir='ltr'>cum</span> <span class='ocrx_word' id='word_1_67' title='bbox 659 1408 721 1480; x_wconf 86' lang='lat' dir='ltr'>quis</span> <span class='ocrx_word' id='word_1_68' title='bbox 744 1409 828 1463; x_wconf 81' lang='lat' dir='ltr'>meria¹</span> <span class='ocrx_word' id='word_1_69' title='bbox 850 1407 960 1464; x_wconf 82' lang='lat' dir='ltr'>ducitur</span> <span class='ocrx_word' id='word_1_70' title='bbox 976 1409 1132 1481; x_wconf 67' lang='lat' dir='ltr'>probantia</span> 
     </span>
     <span class='ocr_line' id='line_1_10' title="bbox 139 1482 1127 1558; baseline -0.001 -17"><span class='ocrx_word' id='word_1_71' title='bbox 139 1488 261 1549; x_wconf 85' lang='lat' dir='ltr'>tatibus,</span> <span class='ocrx_word' id='word_1_72' title='bbox 296 1489 415 1543; x_wconf 84' lang='lat' dir='ltr'>maxime</span> <span class='ocrx_word' id='word_1_73' title='bbox 440 1482 550 1540; x_wconf 88' lang='lat' dir='ltr'>levibns</span> <span class='ocrx_word' id='word_1_74' title='bbox 571 1486 642 1550; x_wconf 79' lang='lat' dir='ltr'>illic,</span> <span class='ocrx_word' id='word_1_75' title='bbox 669 1484 750 1558; x_wconf 79' lang='lat' dir='ltr'>queis</span> <span class='ocrx_word' id='word_1_76' title='bbox 779 1485 806 1539; x_wconf 92' lang='lat' dir='ltr'>in</span> <span class='ocrx_word' id='word_1_77' title='bbox 828 1485 910 1540; x_wconf 84' lang='lat' dir='ltr'>rebus</span> <span class='ocrx_word' id='word_1_78' title='bbox 931 1486 1059 1557; x_wconf 71' lang='lat' dir='ltr'>predicis</span> <span class='ocrx_word' id='word_1_79' title='bbox 1078 1483 1127 1540; x_wconf 89' lang='lat' dir='ltr'>ad-</span> 
     </span>
     <span class='ocr_line' id='line_1_11' title="bbox 137 1560 1131 1635; baseline 0.001 -19"><span class='ocrx_word' id='word_1_80' title='bbox 137 1564 283 1635; x_wconf 78' lang='lat' dir='ltr'>quiescere</span> <span class='ocrx_word' id='word_1_81' title='bbox 304 1564 422 1619; x_wconf 82' lang='lat' dir='ltr'>manima</span> <span class='ocrx_word' id='word_1_82' title='bbox 433 1561 595 1618; x_wconf 77' lang='lat' dir='ltr'>mortalium</span> <span class='ocrx_word' id='word_1_83' title='bbox 609 1574 672 1635; x_wconf 84' lang='lat' dir='ltr'>pars</span> <span class='ocrx_word' id='word_1_84' title='bbox 688 1560 796 1616; x_wconf 87' lang='lat' dir='ltr'>suevit:</span> <span class='ocrx_word' id='word_1_85' title='bbox 814 1561 1053 1631; x_wconf 77' lang='lat' dir='ltr'>quemadmodum</span> <span class='ocrx_word' id='word_1_86' title='bbox 1071 1575 1131 1618; x_wconf 87' lang='lat' dir='ltr'>non</span> 
     </span>
     <span class='ocr_line' id='line_1_12' title="bbox 137 1634 1145 1711; baseline -0.001 -17"><span class='ocrx_word' id='word_1_87' title='bbox 137 1638 188 1694; x_wconf 84' lang='lat' dir='ltr'>niss</span> <span class='ocrx_word' id='word_1_88' title='bbox 205 1638 264 1695; x_wconf 87' lang='lat' dir='ltr'>fere</span> <span class='ocrx_word' id='word_1_89' title='bbox 283 1655 317 1696; x_wconf 83' lang='lat' dir='ltr'>ex</span> <span class='ocrx_word' id='word_1_90' title='bbox 333 1638 473 1696; x_wconf 90' lang='lat' dir='ltr'>accidenti</span> <span class='ocrx_word' id='word_1_91' title='bbox 491 1636 539 1706; x_wconf 91' lang='lat' dir='ltr'>lit,</span> <span class='ocrx_word' id='word_1_92' title='bbox 560 1650 590 1694; x_wconf 95' lang='lat' dir='ltr'>ut</span> <span class='ocrx_word' id='word_1_93' title='bbox 605 1654 699 1693; x_wconf 87' lang='lat' dir='ltr'>ueram</span> <span class='ocrx_word' id='word_1_94' title='bbox 719 1637 786 1693; x_wconf 91' lang='lat' dir='ltr'>heic</span> <span class='ocrx_word' id='word_1_95' title='bbox 802 1634 828 1693; x_wconf 80' lang='lat' dir='ltr'>dt</span> <span class='ocrx_word' id='word_1_96' title='bbox 844 1654 920 1693; x_wconf 87' lang='lat' dir='ltr'>nunc</span> <span class='ocrx_word' id='word_1_97' title='bbox 932 1638 1054 1711; x_wconf 76' lang='lat' dir='ltr'>adripiat</span> <span class='ocrx_word' id='word_1_98' title='bbox 1072 1639 1145 1694; x_wconf 54' lang='lat' dir='ltr'>len*⁸</span> 
     </span>
     <span class='ocr_line' id='line_1_13' title="bbox 137 1710 1131 1788; baseline 0 -17"><span class='ocrx_word' id='word_1_99' title='bbox 137 1717 271 1783; x_wconf 83' lang='lat' dir='ltr'>tentitm;</span> <span class='ocrx_word' id='word_1_100' title='bbox 302 1718 340 1773; x_wconf 81' lang='lat' dir='ltr'>ita</span> <span class='ocrx_word' id='word_1_101' title='bbox 363 1733 457 1773; x_wconf 88' lang='lat' dir='ltr'>errare</span> <span class='ocrx_word' id='word_1_102' title='bbox 480 1731 542 1770; x_wconf 83' lang='lat' dir='ltr'>eum</span> <span class='ocrx_word' id='word_1_103' title='bbox 565 1714 677 1787; x_wconf 79' lang='lat' dir='ltr'>sapius,</span> <span class='ocrx_word' id='word_1_104' title='bbox 707 1710 793 1788; x_wconf 80' lang='lat' dir='ltr'>quani</span> <span class='ocrx_word' id='word_1_105' title='bbox 813 1714 886 1770; x_wconf 72' lang='lat' dir='ltr'>reeta</span> <span class='ocrx_word' id='word_1_106' title='bbox 909 1715 1042 1772; x_wconf 84' lang='lat' dir='ltr'>incedere</span> <span class='ocrx_word' id='word_1_107' title='bbox 1066 1717 1131 1783; x_wconf 84' lang='lat' dir='ltr'>via,</span> 
     </span>
     <span class='ocr_line' id='line_1_14' title="bbox 135 1789 1130 1865; baseline 0 -17"><span class='ocrx_word' id='word_1_108' title='bbox 135 1791 276 1848; x_wconf 79' lang='lat' dir='ltr'>necessum</span> <span class='ocrx_word' id='word_1_109' title='bbox 299 1792 348 1850; x_wconf 88' lang='lat' dir='ltr'>est.</span> <span class='ocrx_word' id='word_1_110' title='bbox 388 1792 435 1850; x_wconf 85' lang='lat' dir='ltr'>Sic</span> <span class='ocrx_word' id='word_1_111' title='bbox 451 1789 567 1849; x_wconf 86' lang='lat' dir='ltr'>testatur</span> <span class='ocrx_word' id='word_1_112' title='bbox 585 1793 776 1865; x_wconf 84' lang='lat' dir='ltr'>experientia,</span> <span class='ocrx_word' id='word_1_113' title='bbox 796 1792 914 1863; x_wconf 82' lang='lat' dir='ltr'>vulgus,</span> <span class='ocrx_word' id='word_1_114' title='bbox 936 1805 1035 1865; x_wconf 83' lang='lat' dir='ltr'>praeter</span> <span class='ocrx_word' id='word_1_115' title='bbox 1052 1809 1130 1848; x_wconf 84' lang='lat' dir='ltr'>com-</span> 
     </span>
     <span class='ocr_line' id='line_1_15' title="bbox 135 1865 1130 1942; baseline 0.001 -18"><span class='ocrx_word' id='word_1_116' title='bbox 135 1884 236 1924; x_wconf 89' lang='lat' dir='ltr'>munes</span> <span class='ocrx_word' id='word_1_117' title='bbox 254 1867 333 1932; x_wconf 83' lang='lat' dir='ltr'>illas,</span> <span class='ocrx_word' id='word_1_118' title='bbox 359 1870 509 1942; x_wconf 78' lang='lat' dir='ltr'>pauciores</span> <span class='ocrx_word' id='word_1_119' title='bbox 530 1866 667 1941; x_wconf 86' lang='lat' dir='ltr'>quidem,</span> <span class='ocrx_word' id='word_1_120' title='bbox 701 1865 815 1926; x_wconf 83' lang='lat' dir='ltr'>vivendi</span> <span class='ocrx_word' id='word_1_121' title='bbox 837 1866 963 1942; x_wconf 79' lang='lat' dir='ltr'>regulas,</span> <span class='ocrx_word' id='word_1_122' title='bbox 991 1870 1060 1925; x_wconf 90' lang='lat' dir='ltr'>mira</span> <span class='ocrx_word' id='word_1_123' title='bbox 1083 1885 1130 1926; x_wconf 83' lang='lat' dir='ltr'>ce·-</span> 
     </span>
     <span class='ocr_line' id='line_1_16' title="bbox 135 1942 1129 2019; baseline 0 -17"><span class='ocrx_word' id='word_1_124' title='bbox 135 1946 267 2018; x_wconf 86' lang='lat' dir='ltr'>tcruqnin</span> <span class='ocrx_word' id='word_1_125' title='bbox 283 1944 411 2002; x_wconf 82' lang='lat' dir='ltr'>fallarum</span> <span class='ocrx_word' id='word_1_126' title='bbox 436 1945 635 2001; x_wconf 83' lang='lat' dir='ltr'>sententiarum</span> <span class='ocrx_word' id='word_1_127' title='bbox 655 1943 747 2016; x_wconf 82' lang='lat' dir='ltr'>segete</span> <span class='ocrx_word' id='word_1_128' title='bbox 770 1942 943 2013; x_wconf 77' lang='lat' dir='ltr'>abundare,</span> <span class='ocrx_word' id='word_1_129' title='bbox 961 1962 1023 2019; x_wconf 81' lang='lat' dir='ltr'>quae</span> <span class='ocrx_word' id='word_1_130' title='bbox 1047 1956 1129 2002; x_wconf 73' lang='lat' dir='ltr'>verae</span> 
     </span>
     <span class='ocr_line' id='line_1_17' title="bbox 136 2019 1130 2097; baseline 0.002 -19"><span class='ocrx_word' id='word_1_131' title='bbox 136 2037 256 2078; x_wconf 87' lang='lat' dir='ltr'>numero</span> <span class='ocrx_word' id='word_1_132' title='bbox 272 2021 399 2097; x_wconf 85' lang='lat' dir='ltr'>superant</span> <span class='ocrx_word' id='word_1_133' title='bbox 415 2039 499 2096; x_wconf 91' lang='lat' dir='ltr'>qnam</span> <span class='ocrx_word' id='word_1_134' title='bbox 520 2019 685 2095; x_wconf 75' lang='lat' dir='ltr'>longilllme.</span> <span class='ocrx_word' id='word_1_135' title='bbox 723 2020 799 2077; x_wconf 86' lang='lat' dir='ltr'>Vide</span> <span class='ocrx_word' id='word_1_136' title='bbox 820 2021 856 2077; x_wconf 92' lang='lat' dir='ltr'>de</span> <span class='ocrx_word' id='word_1_137' title='bbox 873 2034 972 2078; x_wconf 90' lang='lat' dir='ltr'>cetero</span> <span class='ocrx_word' id='word_1_138' title='bbox 986 2037 1071 2080; x_wconf 64' lang='lat' dir='ltr'>norom</span> <span class='ocrx_word' id='word_1_139' title='bbox 1090 2023 1130 2080; x_wconf 62' lang='lat' dir='ltr'>ier</span> 
     </span>
     <span class='ocr_line' id='line_1_18' title="bbox 136 2097 1129 2174; baseline 0.004 -20"><span class='ocrx_word' id='word_1_140' title='bbox 136 2113 291 2172; x_wconf 90' lang='lat' dir='ltr'>quentem,</span> <span class='ocrx_word' id='word_1_141' title='bbox 310 2117 366 2173; x_wconf 87' lang='lat' dir='ltr'>qua</span> <span class='ocrx_word' id='word_1_142' title='bbox 382 2101 540 2157; x_wconf 85' lang='lat' dir='ltr'>accuratior</span> <span class='ocrx_word' id='word_1_143' title='bbox 555 2101 697 2156; x_wconf 88' lang='lat' dir='ltr'>variarum</span> <span class='ocrx_word' id='word_1_144' title='bbox 712 2097 894 2155; x_wconf 69' lang='lat' dir='ltr'>conscientie</span> <span class='ocrx_word' id='word_1_145' title='bbox 910 2098 1062 2174; x_wconf 69' lang='lat' dir='ltr'>specierum</span> <span class='ocrx_word' id='word_1_146' title='bbox 1079 2100 1129 2158; x_wconf 65' lang='lat' dir='ltr'>de⁴</span> 
     </span>
     <span class='ocr_line' id='line_1_19' title="bbox 135 2177 373 2233; baseline 0.004 -1"><span class='ocrx_word' id='word_1_147' title='bbox 135 2177 229 2232; x_wconf 81' lang='lat' dir='ltr'>linitio</span> <span class='ocrx_word' id='word_1_148' title='bbox 246 2178 373 2233; x_wconf 82' lang='lat' dir='ltr'>traditur.</span> 
     </span>
     <span class='ocr_line' id='line_1_20' title="bbox 175 2247 1129 2328; baseline 0.004 -23"><span class='ocrx_word' id='word_1_149' title='bbox 175 2250 278 2328; x_wconf 72' lang='lat' dir='ltr'>Quippe</span> <span class='ocrx_word' id='word_1_150' title='bbox 302 2271 361 2309; x_wconf 82' lang='lat' dir='ltr'>rrtrrr</span> <span class='ocrx_word' id='word_1_151' title='bbox 385 2253 478 2324; x_wconf 84' lang='lat' dir='ltr'>paucis</span> <span class='ocrx_word' id='word_1_152' title='bbox 497 2267 584 2307; x_wconf 81' lang='lat' dir='ltr'>rerum</span> <span class='ocrx_word' id='word_1_153' title='bbox 608 2247 757 2327; x_wconf 76' lang='lat' dir='ltr'>cognoscere</span> <span class='ocrx_word' id='word_1_154' title='bbox 778 2248 868 2323; x_wconf 79' lang='lat' dir='ltr'>consor</span> <span class='ocrx_word' id='word_1_155' title='bbox 893 2247 1037 2325; x_wconf 83' lang='lat' dir='ltr'>conceffum</span> <span class='ocrx_word' id='word_1_156' title='bbox 1057 2249 1129 2326; x_wconf 68' lang='grc' dir='ltr'>Μ.</span> 
     </span>
     <span class='ocr_line' id='line_1_21' title="bbox 89 2325 1130 2406; baseline -0.001 -22"><span class='ocrx_word' id='word_1_157' title='bbox 89 2386 98 2399; x_wconf 48' lang='grc'>,</span> <span class='ocrx_word' id='word_1_158' title='bbox 133 2328 377 2406; x_wconf 81' lang='lat' dir='ltr'>Quandoquidem</span> <span class='ocrx_word' id='word_1_159' title='bbox 398 2325 550 2383; x_wconf 85' lang='lat' dir='ltr'>divifiones</span> <span class='ocrx_word' id='word_1_160' title='bbox 572 2326 767 2389; x_wconf 76' lang='lat' dir='ltr'>conscientia,</span> <span class='ocrx_word' id='word_1_161' title='bbox 796 2342 866 2400; x_wconf 88' lang='lat' dir='ltr'>quas</span> <span class='ocrx_word' id='word_1_162' title='bbox 889 2327 955 2381; x_wconf 83' lang='lat' dir='ltr'>heic</span> <span class='ocrx_word' id='word_1_163' title='bbox 971 2328 1057 2383; x_wconf 82' lang='lat' dir='ltr'>nabet</span> <span class='ocrx_word' id='word_1_164' title='bbox 1073 2330 1130 2384; x_wconf 54' lang='lat' dir='ltr'>nna</span> 
     </span>
     <span class='ocr_line' id='line_1_22' title="bbox 134 2401 1132 2475; baseline 0 -16"><span class='ocrx_word' id='word_1_165' title='bbox 134 2408 212 2467; x_wconf 70' lang='lat' dir='ltr'>einr,</span> <span class='ocrx_word' id='word_1_166' title='bbox 234 2403 402 2474; x_wconf 78' lang='lat' dir='ltr'>imperlede</span> <span class='ocrx_word' id='word_1_167' title='bbox 419 2402 481 2457; x_wconf 84' lang='lat' dir='ltr'>satis</span> <span class='ocrx_word' id='word_1_168' title='bbox 500 2404 576 2465; x_wconf 80' lang='lat' dir='ltr'>sunt,</span> <span class='ocrx_word' id='word_1_169' title='bbox 598 2418 753 2475; x_wconf 87' lang='lat' dir='ltr'>parumque</span> <span class='ocrx_word' id='word_1_170' title='bbox 769 2413 917 2458; x_wconf 85' lang='lat' dir='ltr'>accuratae:</span> <span class='ocrx_word' id='word_1_171' title='bbox 942 2401 967 2457; x_wconf 85' lang='lat' dir='ltr'>dt</span> <span class='ocrx_word' id='word_1_172' title='bbox 988 2419 1056 2458; x_wconf 87' lang='lat' dir='ltr'>uero</span> <span class='ocrx_word' id='word_1_173' title='bbox 1071 2404 1132 2459; x_wconf 78' lang='lat' dir='ltr'>hac</span> 
     </span>
     <span class='ocr_line' id='line_1_23' title="bbox 133 2475 1131 2552; baseline -0.001 -14"><span class='ocrx_word' id='word_1_174' title='bbox 133 2482 253 2538; x_wconf 85' lang='lat' dir='ltr'>materia</span> <span class='ocrx_word' id='word_1_175' title='bbox 271 2495 363 2536; x_wconf 84' lang='lat' dir='ltr'>tamen</span> <span class='ocrx_word' id='word_1_176' title='bbox 380 2479 494 2534; x_wconf 84' lang='lat' dir='ltr'>maximi</span> <span class='ocrx_word' id='word_1_177' title='bbox 510 2475 551 2534; x_wconf 88' lang='lat' dir='ltr'>est</span> <span class='ocrx_word' id='word_1_178' title='bbox 575 2483 736 2534; x_wconf 84' lang='lat' dir='ltr'>momenti:</span> <span class='ocrx_word' id='word_1_179' title='bbox 761 2477 926 2550; x_wconf 80' lang='lat' dir='ltr'>generalem</span> <span class='ocrx_word' id='word_1_180' title='bbox 946 2480 1041 2552; x_wconf 88' lang='lat' dir='ltr'>iraque</span> <span class='ocrx_word' id='word_1_181' title='bbox 1058 2479 1131 2537; x_wconf 88' lang='lat' dir='ltr'>divi·</span> 
     </span>
     <span class='ocr_line' id='line_1_24' title="bbox 133 2554 1130 2629; baseline 0 -17"><span class='ocrx_word' id='word_1_182' title='bbox 133 2557 260 2619; x_wconf 76' lang='lat' dir='ltr'>fiunem,</span> <span class='ocrx_word' id='word_1_183' title='bbox 285 2558 317 2614; x_wconf 86' lang='lat' dir='ltr'>iis</span> <span class='ocrx_word' id='word_1_184' title='bbox 339 2572 395 2611; x_wconf 89' lang='lat' dir='ltr'>non</span> <span class='ocrx_word' id='word_1_185' title='bbox 418 2554 521 2616; x_wconf 86' lang='lat' dir='ltr'>solum.</span> <span class='ocrx_word' id='word_1_186' title='bbox 550 2568 621 2627; x_wconf 84' lang='lat' dir='ltr'>quas</span> <span class='ocrx_word' id='word_1_187' title='bbox 640 2554 759 2612; x_wconf 87' lang='lat' dir='ltr'>inllituit</span> <span class='ocrx_word' id='word_1_188' title='bbox 783 2555 905 2622; x_wconf 71' lang='lat' dir='ltr'>elutior,</span> <span class='ocrx_word' id='word_1_189' title='bbox 940 2554 987 2610; x_wconf 84' lang='lat' dir='ltr'>led</span> <span class='ocrx_word' id='word_1_190' title='bbox 1011 2555 1036 2612; x_wconf 82' lang='lat' dir='ltr'>dt</span> <span class='ocrx_word' id='word_1_191' title='bbox 1057 2573 1130 2629; x_wconf 80' lang='lat' dir='ltr'>quaa</span> 
     </span>
     <span class='ocr_line' id='line_1_25' title="bbox 135 2630 1131 2712; baseline -0.003 -19"><span class='ocrx_word' id='word_1_192' title='bbox 135 2633 294 2704; x_wconf 75' lang='lat' dir='ltr'>ingemina</span> <span class='ocrx_word' id='word_1_193' title='bbox 317 2632 446 2689; x_wconf 85' lang='lat' dir='ltr'>editione</span> <span class='ocrx_word' id='word_1_194' title='bbox 463 2644 594 2688; x_wconf 91' lang='lat' dir='ltr'>notarum</span> <span class='ocrx_word' id='word_1_195' title='bbox 615 2644 740 2689; x_wconf 88' lang='lat' dir='ltr'>mearum</span> <span class='ocrx_word' id='word_1_196' title='bbox 756 2630 792 2686; x_wconf 92' lang='lat' dir='ltr'>ad</span> <span class='ocrx_word' id='word_1_197' title='bbox 814 2649 885 2703; x_wconf 85' lang='lat' dir='ltr'>opus</span> <span class='ocrx_word' id='word_1_198' title='bbox 902 2633 991 2699; x_wconf 82' lang='lat' dir='ltr'>majus</span> <span class='ocrx_word' id='word_1_199' title='bbox 1013 2633 1049 2689; x_wconf 91' lang='lat' dir='ltr'>de</span> <span class='ocrx_word' id='word_1_200' title='bbox 1069 2632 1131 2712; x_wconf 61' lang='lat' dir='ltr'>Jua</span> 
     </span>
     <span class='ocr_line' id='line_1_26' title="bbox 131 2707 1128 2784; baseline 0.001 -18"><span class='ocrx_word' id='word_1_201' title='bbox 131 2729 162 2767; x_wconf 85' lang='lat' dir='ltr'>re</span> <span class='ocrx_word' id='word_1_202' title='bbox 175 2710 288 2768; x_wconf 67' lang='lat' dir='ltr'>merore</span> <span class='ocrx_word' id='word_1_203' title='bbox 309 2710 479 2767; x_wconf 79' lang='lat' dir='ltr'>&amp;Gerulum</span> <span class='ocrx_word' id='word_1_204' title='bbox 500 2708 548 2766; x_wconf 86' lang='lat' dir='ltr'>lib.</span> <span class='ocrx_word' id='word_1_205' title='bbox 566 2710 588 2766; x_wconf 91' lang='lat' dir='ltr'>l.</span> <span class='ocrx_word' id='word_1_206' title='bbox 609 2724 671 2784; x_wconf 87' lang='lat' dir='ltr'>cap.</span> <span class='ocrx_word' id='word_1_207' title='bbox 694 2723 719 2779; x_wconf 79' lang='lat'>3.</span> <span class='ocrx_word' id='word_1_208' title='bbox 740 2707 765 2781; x_wconf 65' lang='lat' dir='ltr'>l.</span> <span class='ocrx_word' id='word_1_209' title='bbox 788 2721 814 2778; x_wconf 77' lang='grc' dir='ltr'>ς.</span> <span class='ocrx_word' id='word_1_210' title='bbox 836 2709 893 2781; x_wconf 85' lang='lat' dir='ltr'>ipse</span> <span class='ocrx_word' id='word_1_211' title='bbox 907 2710 1128 2782; x_wconf 76' lang='lat' dir='ltr'>proposueram,</span> 
     </span>
     <span class='ocr_line' id='line_1_27' title="bbox 133 2784 1126 2859; baseline -0.002 -11"><span class='ocrx_word' id='word_1_212' title='bbox 133 2788 297 2848; x_wconf 83' lang='lat' dir='ltr'>solidiorem</span> <span class='ocrx_word' id='word_1_213' title='bbox 314 2788 538 2858; x_wconf 77' lang='lat' dir='ltr'>eradioremque</span> <span class='ocrx_word' id='word_1_214' title='bbox 556 2786 692 2845; x_wconf 76' lang='lat' dir='ltr'>exhihere</span> <span class='ocrx_word' id='word_1_215' title='bbox 712 2784 894 2843; x_wconf 84' lang='lat' dir='ltr'>contendam.</span> <span class='ocrx_word' id='word_1_216' title='bbox 936 2798 961 2843; x_wconf 86' lang='lat'>1.</span> <span class='ocrx_word' id='word_1_217' title='bbox 982 2786 1059 2859; x_wconf 84' lang='lat' dir='ltr'>Ergo</span> <span class='ocrx_word' id='word_1_218' title='bbox 1083 2787 1126 2846; x_wconf 52' lang='lat' dir='ltr'>die</span> 
     </span>
     <span class='ocr_line' id='line_1_28' title="bbox 111 2863 1128 2937; baseline 0.001 -15"><span class='ocrx_word' id='word_1_219' title='bbox 111 2863 329 2937; x_wconf 76' lang='lat' dir='ltr'>rtrnguendum</span> <span class='ocrx_word' id='word_1_220' title='bbox 351 2863 479 2923; x_wconf 78' lang='lat' dir='ltr'>existimo</span> <span class='ocrx_word' id='word_1_221' title='bbox 504 2868 578 2922; x_wconf 91' lang='lat' dir='ltr'>inter</span> <span class='ocrx_word' id='word_1_222' title='bbox 599 2863 737 2932; x_wconf 84' lang='lat' dir='ltr'>judicium</span> <span class='ocrx_word' id='word_1_223' title='bbox 757 2865 860 2919; x_wconf 89' lang='lat' dir='ltr'>mentis</span> <span class='ocrx_word' id='word_1_224' title='bbox 884 2876 950 2920; x_wconf 88' lang='lat' dir='ltr'>ante</span> <span class='ocrx_word' id='word_1_225' title='bbox 972 2864 1128 2932; x_wconf 76' lang='lat' dir='ltr'>adiuuem,</span> 
     </span>
     <span class='ocr_line' id='line_1_29' title="bbox 132 2936 1128 3015; baseline 0.002 -16"><span class='ocrx_word' id='word_1_226' title='bbox 132 2936 159 2999; x_wconf 66' lang='grc' dir='ltr'>ἃ</span> <span class='ocrx_word' id='word_1_227' title='bbox 181 2942 307 3010; x_wconf 67' lang='lat' dir='ltr'>eiusdem</span> <span class='ocrx_word' id='word_1_228' title='bbox 322 2943 457 3012; x_wconf 76' lang='lat' dir='ltr'>iudicium</span> <span class='ocrx_word' id='word_1_229' title='bbox 473 2941 536 3015; x_wconf 86' lang='lat' dir='ltr'>pust</span> <span class='ocrx_word' id='word_1_230' title='bbox 555 2943 705 3001; x_wconf 71' lang='lat' dir='ltr'>adiuuem.</span> <span class='ocrx_word' id='word_1_231' title='bbox 755 2939 789 2995; x_wconf 88' lang='lat' dir='ltr'>ld</span> <span class='ocrx_word' id='word_1_232' title='bbox 810 2940 888 3013; x_wconf 91' lang='lat' dir='ltr'>quod</span> <span class='ocrx_word' id='word_1_233' title='bbox 911 2941 974 2998; x_wconf 82' lang='lat' dir='ltr'>latis</span> <span class='ocrx_word' id='word_1_234' title='bbox 1000 2959 1128 3001; x_wconf 58' lang='lat' dir='ltr'>commea</span> 
     </span>
     <span class='ocr_line' id='line_1_30' title="bbox 132 3015 1128 3094; baseline 0.004 -19"><span class='ocrx_word' id='word_1_235' title='bbox 132 3020 187 3086; x_wconf 89' lang='lat' dir='ltr'>de,</span> <span class='ocrx_word' id='word_1_236' title='bbox 223 3017 383 3093; x_wconf 66' lang='lat' dir='ltr'>corisciernioe</span> <span class='ocrx_word' id='word_1_237' title='bbox 404 3020 578 3075; x_wconf 80' lang='lat' dir='ltr'>ornecrdentr&#39;s</span> <span class='ocrx_word' id='word_1_238' title='bbox 604 3017 630 3076; x_wconf 82' lang='lat' dir='ltr'>dr</span> <span class='ocrx_word' id='word_1_239' title='bbox 657 3016 816 3094; x_wconf 78' lang='lat' dir='ltr'>conscinrtioe</span> <span class='ocrx_word' id='word_1_240' title='bbox 838 3015 1016 3093; x_wconf 63' lang='lat' dir='ltr'>Julpeanutis</span> <span class='ocrx_word' id='word_1_241' title='bbox 1046 3025 1128 3080; x_wconf 85' lang='lat' dir='ltr'>uenit</span> 
     </span>
     <span class='ocr_line' id='line_1_31' title="bbox 132 3096 1131 3169; baseline 0.007 -19"><span class='ocrx_word' id='word_1_242' title='bbox 132 3096 293 3152; x_wconf 86' lang='lat' dir='ltr'>uocabulis.</span> <span class='ocrx_word' id='word_1_243' title='bbox 338 3097 484 3152; x_wconf 87' lang='lat' dir='ltr'>Interdum</span> <span class='ocrx_word' id='word_1_244' title='bbox 509 3096 648 3169; x_wconf 85' lang='lat' dir='ltr'>posterius</span> <span class='ocrx_word' id='word_1_245' title='bbox 672 3099 870 3152; x_wconf 85' lang='lat' dir='ltr'>tantummodo</span> <span class='ocrx_word' id='word_1_246' title='bbox 899 3096 925 3152; x_wconf 88' lang='lat' dir='ltr'>se</span> <span class='ocrx_word' id='word_1_247' title='bbox 946 3097 1042 3169; x_wconf 85' lang='lat' dir='ltr'>prodit</span> <span class='ocrx_word' id='word_1_248' title='bbox 1055 3099 1131 3168; x_wconf 76' lang='lat' dir='ltr'>judi·</span> 
     </span>
     <span class='ocr_line' id='line_1_32' title="bbox 130 3170 1130 3247; baseline 0.005 -19"><span class='ocrx_word' id='word_1_249' title='bbox 130 3170 234 3230; x_wconf 87' lang='lat' dir='ltr'>dium:</span> <span class='ocrx_word' id='word_1_250' title='bbox 261 3174 377 3246; x_wconf 76' lang='lat' dir='ltr'>quando</span> <span class='ocrx_word' id='word_1_251' title='bbox 404 3188 527 3243; x_wconf 82' lang='lat' dir='ltr'>nempe,</span> <span class='ocrx_word' id='word_1_252' title='bbox 559 3174 637 3246; x_wconf 89' lang='lat' dir='ltr'>quod</span> <span class='ocrx_word' id='word_1_253' title='bbox 660 3174 829 3229; x_wconf 82' lang='lat' dir='ltr'>usuvenire</span> <span class='ocrx_word' id='word_1_254' title='bbox 859 3173 953 3247; x_wconf 76' lang='lat' dir='ltr'>inpius</span> <span class='ocrx_word' id='word_1_255' title='bbox 981 3173 1069 3240; x_wconf 80' lang='lat' dir='ltr'>solet,</span> <span class='ocrx_word' id='word_1_256' title='bbox 1091 3170 1130 3234; x_wconf 84' lang='lat' dir='ltr'>ad</span> 
     </span>
     <span class='ocr_line' id='line_1_33' title="bbox 132 3247 1130 3323; baseline 0.002 -17"><span class='ocrx_word' id='word_1_257' title='bbox 132 3251 271 3306; x_wconf 75' lang='lat' dir='ltr'>adiuuem</span> <span class='ocrx_word' id='word_1_258' title='bbox 290 3249 412 3323; x_wconf 79' lang='lat' dir='ltr'>aliquam</span> <span class='ocrx_word' id='word_1_259' title='bbox 430 3247 508 3305; x_wconf 88' lang='lat' dir='ltr'>nullo</span> <span class='ocrx_word' id='word_1_260' title='bbox 530 3253 637 3323; x_wconf 81' lang='lat' dir='ltr'>praelo</span> <span class='ocrx_word' id='word_1_261' title='bbox 660 3250 811 3317; x_wconf 82' lang='lat' dir='ltr'>examine,</span> <span class='ocrx_word' id='word_1_262' title='bbox 831 3248 965 3307; x_wconf 88' lang='lat' dir='ltr'>futurane</span> <span class='ocrx_word' id='word_1_263' title='bbox 987 3250 1018 3307; x_wconf 82' lang='lat' dir='ltr'>fit</span> <span class='ocrx_word' id='word_1_264' title='bbox 1035 3253 1130 3319; x_wconf 86' lang='lat' dir='ltr'>bona,</span> 
     </span>
     <span class='ocr_line' id='line_1_34' title="bbox 131 3325 1130 3401; baseline 0.005 -20"><span class='ocrx_word' id='word_1_265' title='bbox 131 3325 179 3381; x_wconf 80' lang='lat' dir='ltr'>vul</span> <span class='ocrx_word' id='word_1_266' title='bbox 209 3326 306 3387; x_wconf 86' lang='lat' dir='ltr'>mala.</span> <span class='ocrx_word' id='word_1_267' title='bbox 339 3327 493 3384; x_wconf 88' lang='lat' dir='ltr'>acceditur.</span> <span class='ocrx_word' id='word_1_268' title='bbox 545 3327 593 3384; x_wconf 87' lang='lat' dir='ltr'>Sin</span> <span class='ocrx_word' id='word_1_269' title='bbox 618 3340 712 3383; x_wconf 87' lang='lat' dir='ltr'>antem</span> <span class='ocrx_word' id='word_1_270' title='bbox 741 3329 814 3384; x_wconf 84' lang='lat' dir='ltr'>circa</span> <span class='ocrx_word' id='word_1_271' title='bbox 839 3342 922 3382; x_wconf 88' lang='lat' dir='ltr'>utram</span> <span class='ocrx_word' id='word_1_272' title='bbox 948 3327 1130 3401; x_wconf 84' lang='lat' dir='ltr'>eandemque</span> 
     </span>
     <span class='ocr_line' id='line_1_35' title="bbox 131 3402 1130 3478; baseline 0.001 -19"><span class='ocrx_word' id='word_1_273' title='bbox 131 3403 271 3459; x_wconf 73' lang='lat' dir='ltr'>atilionem</span> <span class='ocrx_word' id='word_1_274' title='bbox 288 3405 359 3459; x_wconf 75' lang='lat' dir='ltr'>ambo</span> <span class='ocrx_word' id='word_1_275' title='bbox 380 3403 516 3476; x_wconf 73' lang='lat' dir='ltr'>prudntia</span> <span class='ocrx_word' id='word_1_276' title='bbox 539 3402 591 3460; x_wconf 84' lang='lat' dir='ltr'>fint</span> <span class='ocrx_word' id='word_1_277' title='bbox 602 3405 723 3478; x_wconf 67' lang='lat' dir='ltr'>jaddim</span> <span class='ocrx_word' id='word_1_278' title='bbox 743 3402 899 3476; x_wconf 84' lang='lat' dir='ltr'>aliquando</span> <span class='ocrx_word' id='word_1_279' title='bbox 915 3405 1036 3459; x_wconf 81' lang='lat' dir='ltr'>invicem</span> <span class='ocrx_word' id='word_1_280' title='bbox 1059 3423 1130 3460; x_wconf 62' lang='lat' dir='ltr'>cona</span> 
     </span>
     <span class='ocr_line' id='line_1_36' title="bbox 130 3479 1129 3553; baseline 0.002 -17"><span class='ocrx_word' id='word_1_281' title='bbox 130 3479 235 3536; x_wconf 87' lang='lat' dir='ltr'>formia</span> <span class='ocrx_word' id='word_1_282' title='bbox 260 3479 524 3552; x_wconf 87' lang='lat' dir='ltr'>deprehenduntur:</span> <span class='ocrx_word' id='word_1_283' title='bbox 554 3481 581 3536; x_wconf 92' lang='lat' dir='ltr'>id</span> <span class='ocrx_word' id='word_1_284' title='bbox 604 3480 682 3553; x_wconf 89' lang='lat' dir='ltr'>quod</span> <span class='ocrx_word' id='word_1_285' title='bbox 704 3479 824 3545; x_wconf 85' lang='lat' dir='ltr'>accidit,</span> <span class='ocrx_word' id='word_1_286' title='bbox 854 3495 917 3534; x_wconf 89' lang='lat' dir='ltr'>cum</span> <span class='ocrx_word' id='word_1_287' title='bbox 940 3492 1039 3535; x_wconf 82' lang='lat' dir='ltr'>contra</span> <span class='ocrx_word' id='word_1_288' title='bbox 1061 3499 1129 3553; x_wconf 71' lang='lat' dir='ltr'>pru«</span> 
     </span>
     <span class='ocr_line' id='line_1_37' title="bbox 128 3554 1128 3632; baseline 0.003 -20"><span class='ocrx_word' id='word_1_289' title='bbox 128 3555 206 3632; x_wconf 81' lang='lat' dir='ltr'>prins</span> <span class='ocrx_word' id='word_1_290' title='bbox 228 3558 289 3630; x_wconf 87' lang='lat' dir='ltr'>quis</span> <span class='ocrx_word' id='word_1_291' title='bbox 309 3558 425 3613; x_wconf 75' lang='lat' dir='ltr'>notitias</span> <span class='ocrx_word' id='word_1_292' title='bbox 441 3559 512 3627; x_wconf 82' lang='lat' dir='ltr'>egit;</span> <span class='ocrx_word' id='word_1_293' title='bbox 534 3559 639 3632; x_wconf 89' lang='lat' dir='ltr'>quippe</span> <span class='ocrx_word' id='word_1_294' title='bbox 657 3571 724 3615; x_wconf 89' lang='lat' dir='ltr'>tunc</span> <span class='ocrx_word' id='word_1_295' title='bbox 743 3557 940 3612; x_wconf 80' lang='lat' dir='ltr'>vehementius</span> <span class='ocrx_word' id='word_1_296' title='bbox 957 3554 1050 3612; x_wconf 83' lang='lat' dir='ltr'>adhuc</span> <span class='ocrx_word' id='word_1_297' title='bbox 1064 3559 1128 3632; x_wconf 83' lang='lat' dir='ltr'>poll</span> 
     </span>
     <span class='ocr_line' id='line_1_38' title="bbox 129 3633 1126 3708; baseline 0.006 -22"><span class='ocrx_word' id='word_1_298' title='bbox 129 3645 272 3708; x_wconf 82' lang='lat' dir='ltr'>patratam</span> <span class='ocrx_word' id='word_1_299' title='bbox 296 3633 433 3690; x_wconf 75' lang='lat' dir='ltr'>allionem</span> <span class='ocrx_word' id='word_1_300' title='bbox 459 3634 521 3691; x_wconf 79' lang='lat' dir='ltr'>talis</span> <span class='ocrx_word' id='word_1_301' title='bbox 541 3634 567 3691; x_wconf 87' lang='lat' dir='ltr'>se</span> <span class='ocrx_word' id='word_1_302' title='bbox 592 3635 661 3690; x_wconf 83' lang='lat' dir='ltr'>l&#39;olet</span> <span class='ocrx_word' id='word_1_303' title='bbox 688 3636 848 3708; x_wconf 81' lang='lat' dir='ltr'>inculpare:</span> <span class='ocrx_word' id='word_1_304' title='bbox 869 3634 966 3706; x_wconf 88' lang='lat' dir='ltr'>paucis</span> <span class='ocrx_word' id='word_1_305' title='bbox 982 3633 1126 3692; x_wconf 77' lang='lat' dir='ltr'>exilienti-</span> 
     </span>
     <span class='ocr_line' id='line_1_39' title="bbox 130 3710 1166 3785; baseline 0.005 -19"><span class='ocrx_word' id='word_1_306' title='bbox 130 3711 199 3770; x_wconf 86' lang='lat' dir='ltr'>bus.</span> <span class='ocrx_word' id='word_1_307' title='bbox 219 3712 267 3778; x_wconf 85' lang='lat' dir='ltr'>qui</span> <span class='ocrx_word' id='word_1_308' title='bbox 285 3711 321 3765; x_wconf 89' lang='lat' dir='ltr'>ita</span> <span class='ocrx_word' id='word_1_309' title='bbox 336 3726 455 3781; x_wconf 86' lang='lat' dir='ltr'>repente</span> <span class='ocrx_word' id='word_1_310' title='bbox 472 3723 520 3767; x_wconf 87' lang='lat' dir='ltr'>aut</span> <span class='ocrx_word' id='word_1_311' title='bbox 543 3724 649 3769; x_wconf 86' lang='lat' dir='ltr'>tantum</span> <span class='ocrx_word' id='word_1_312' title='bbox 671 3710 821 3783; x_wconf 88' lang='lat' dir='ltr'>adquirant</span> <span class='ocrx_word' id='word_1_313' title='bbox 838 3710 965 3777; x_wconf 85' lang='lat' dir='ltr'>luminis,</span> <span class='ocrx_word' id='word_1_314' title='bbox 995 3728 1023 3766; x_wconf 94' lang='lat' dir='ltr'>ut</span> <span class='ocrx_word' id='word_1_315' title='bbox 1045 3713 1126 3785; x_wconf 83' lang='lat' dir='ltr'>q&#39;uod</span> <span class='ocrx_word' id='word_1_316' title='bbox 1164 3741 1166 3745; x_wconf 51' lang='lat'><strong><em>¹</em></strong></span> 
     </span>
     <span class='ocr_line' id='line_1_40' title="bbox 131 3787 1126 3863; baseline 0.002 -19"><span class='ocrx_word' id='word_1_317' title='bbox 131 3796 215 3860; x_wconf 88' lang='lat' dir='ltr'>turpe</span> <span class='ocrx_word' id='word_1_318' title='bbox 232 3787 398 3863; x_wconf 87' lang='lat' dir='ltr'>censuerant</span> <span class='ocrx_word' id='word_1_319' title='bbox 414 3800 495 3851; x_wconf 84' lang='lat' dir='ltr'>ante,</span> <span class='ocrx_word' id='word_1_320' title='bbox 526 3787 553 3844; x_wconf 94' lang='lat' dir='ltr'>id</span> <span class='ocrx_word' id='word_1_321' title='bbox 578 3790 630 3849; x_wconf 83' lang='lat' dir='ltr'>iarn</span> <span class='ocrx_word' id='word_1_322' title='bbox 654 3789 808 3859; x_wconf 75' lang='lat' dir='ltr'>legitimum</span> <span class='ocrx_word' id='word_1_323' title='bbox 831 3787 885 3843; x_wconf 82' lang='lat' dir='ltr'>elle</span> <span class='ocrx_word' id='word_1_324' title='bbox 904 3787 952 3845; x_wconf 85' lang='lat' dir='ltr'>fibi</span> <span class='ocrx_word' id='word_1_325' title='bbox 976 3789 1126 3862; x_wconf 65' lang='lat' dir='ltr'>pertunde</span> 
     </span>
     <span class='ocr_line' id='line_1_41' title="bbox 133 3863 1126 3935; baseline 0.003 -15"><span class='ocrx_word' id='word_1_326' title='bbox 133 3877 203 3932; x_wconf 89' lang='lat' dir='ltr'>ant,</span> <span class='ocrx_word' id='word_1_327' title='bbox 222 3877 270 3921; x_wconf 84' lang='lat' dir='ltr'>aut</span> <span class='ocrx_word' id='word_1_328' title='bbox 291 3880 359 3920; x_wconf 79' lang='lat' dir='ltr'>vero</span> <span class='ocrx_word' id='word_1_329' title='bbox 375 3865 540 3922; x_wconf 84' lang='lat' dir='ltr'>sententiam</span> <span class='ocrx_word' id='word_1_330' title='bbox 560 3865 633 3921; x_wconf 84' lang='lat' dir='ltr'>suam</span> <span class='ocrx_word' id='word_1_331' title='bbox 654 3868 727 3922; x_wconf 83' lang='lat' dir='ltr'>circa</span> <span class='ocrx_word' id='word_1_332' title='bbox 752 3863 852 3921; x_wconf 77' lang='lat' dir='ltr'>fadum</span> <span class='ocrx_word' id='word_1_333' title='bbox 874 3883 969 3919; x_wconf 82' lang='lat' dir='ltr'>reuera</span> <span class='ocrx_word' id='word_1_334' title='bbox 996 3867 1049 3935; x_wconf 64' lang='lat' dir='ltr'>lugi</span> <span class='ocrx_word' id='word_1_335' title='bbox 1076 3868 1126 3923; x_wconf 65' lang='lat' dir='ltr'>ada</span> 
     </span>
     <span class='ocr_line' id='line_1_42' title="bbox 130 3940 1127 4018; baseline 0.005 -22"><span class='ocrx_word' id='word_1_336' title='bbox 130 3940 242 3999; x_wconf 83' lang='lat' dir='ltr'>verium</span> <span class='ocrx_word' id='word_1_337' title='bbox 267 3956 415 3998; x_wconf 81' lang='lat' dir='ltr'>revocent.</span> <span class='ocrx_word' id='word_1_338' title='bbox 461 3944 676 4013; x_wconf 82' lang='lat' dir='ltr'>Nonnunquam</span> <span class='ocrx_word' id='word_1_339' title='bbox 706 3943 792 3997; x_wconf 86' lang='lat' dir='ltr'>ctiam</span> <span class='ocrx_word' id='word_1_340' title='bbox 819 3940 976 4011; x_wconf 84' lang='lat' dir='ltr'>discrepant</span> <span class='ocrx_word' id='word_1_341' title='bbox 1000 3944 1045 3998; x_wconf 89' lang='lat' dir='ltr'>illa</span> <span class='ocrx_word' id='word_1_342' title='bbox 1068 3946 1127 4018; x_wconf 83' lang='lat' dir='ltr'>ipsa</span> 
     </span>
     <span class='ocr_line' id='line_1_43' title="bbox 129 4016 1129 4092; baseline -0.002 -19"><span class='ocrx_word' id='word_1_343' title='bbox 129 4018 252 4089; x_wconf 79' lang='lat' dir='ltr'>jurlicia3</span> <span class='ocrx_word' id='word_1_344' title='bbox 275 4017 360 4092; x_wconf 87' lang='lat' dir='ltr'>idque</span> <span class='ocrx_word' id='word_1_345' title='bbox 382 4022 495 4085; x_wconf 86' lang='lat' dir='ltr'>euenit,</span> <span class='ocrx_word' id='word_1_346' title='bbox 518 4019 563 4075; x_wconf 78' lang='lat' dir='ltr'>vel</span> <span class='ocrx_word' id='word_1_347' title='bbox 579 4037 640 4075; x_wconf 85' lang='lat' dir='ltr'>curn</span> <span class='ocrx_word' id='word_1_348' title='bbox 659 4020 728 4075; x_wconf 89' lang='lat' dir='ltr'>citra</span> <span class='ocrx_word' id='word_1_349' title='bbox 746 4016 900 4090; x_wconf 80' lang='lat' dir='ltr'>pieriam&amp;</span> <span class='ocrx_word' id='word_1_350' title='bbox 923 4021 1059 4089; x_wconf 73' lang='lat' dir='ltr'>integram</span> <span class='ocrx_word' id='word_1_351' title='bbox 1077 4021 1129 4078; x_wconf 70' lang='lat' dir='ltr'>de«</span> 
     </span>
     <span class='ocr_line' id='line_1_44' title="bbox 129 4094 1123 4169; baseline 0.002 -17"><span class='ocrx_word' id='word_1_352' title='bbox 129 4094 345 4168; x_wconf 29' lang='lat' dir='ltr'>liberat-ionem,</span> <span class='ocrx_word' id='word_1_353' title='bbox 368 4094 424 4152; x_wconf 82' lang='lat' dir='ltr'>fiae</span> <span class='ocrx_word' id='word_1_354' title='bbox 447 4113 481 4154; x_wconf 83' lang='lat' dir='ltr'>ex</span> <span class='ocrx_word' id='word_1_355' title='bbox 503 4095 634 4163; x_wconf 75' lang='lat' dir='ltr'>adfeelu,</span> <span class='ocrx_word' id='word_1_356' title='bbox 657 4094 712 4151; x_wconf 81' lang='lat' dir='ltr'>five</span> <span class='ocrx_word' id='word_1_357' title='bbox 730 4111 765 4150; x_wconf 87' lang='lat' dir='ltr'>err</span> <span class='ocrx_word' id='word_1_358' title='bbox 789 4097 1008 4169; x_wconf 77' lang='lat' dir='ltr'>precipitantia,</span> <span class='ocrx_word' id='word_1_359' title='bbox 1034 4097 1123 4154; x_wconf 88' lang='lat' dir='ltr'>adeo·-</span> 
     </span>
     <span class='ocr_line' id='line_1_45' title="bbox 129 4170 1122 4246; baseline 0.005 -21"><span class='ocrx_word' id='word_1_360' title='bbox 129 4187 186 4243; x_wconf 89' lang='lat' dir='ltr'>que</span> <span class='ocrx_word' id='word_1_361' title='bbox 207 4170 301 4228; x_wconf 83' lang='lat' dir='ltr'>indole</span> <span class='ocrx_word' id='word_1_362' title='bbox 329 4189 361 4229; x_wconf 88' lang='lat' dir='ltr'>ac</span> <span class='ocrx_word' id='word_1_363' title='bbox 389 4171 499 4246; x_wconf 74' lang='lat' dir='ltr'>sequela</span> <span class='ocrx_word' id='word_1_364' title='bbox 518 4174 638 4238; x_wconf 69' lang='lat' dir='ltr'>‘astionis</span> <span class='ocrx_word' id='word_1_365' title='bbox 660 4189 717 4228; x_wconf 90' lang='lat' dir='ltr'>non</span> <span class='ocrx_word' id='word_1_366' title='bbox 739 4175 793 4228; x_wconf 90' lang='lat' dir='ltr'>rite</span> <span class='ocrx_word' id='word_1_367' title='bbox 815 4171 971 4246; x_wconf 68' lang='lat' dir='ltr'>perspecta,</span> <span class='ocrx_word' id='word_1_368' title='bbox 1000 4173 1034 4230; x_wconf 92' lang='lat' dir='ltr'>nd</span> <span class='ocrx_word' id='word_1_369' title='bbox 1055 4193 1122 4231; x_wconf 67' lang='lat' dir='ltr'>eane</span> 
     </span>
     <span class='ocr_line' id='line_1_46' title="bbox 130 4247 1121 4326; baseline 0.005 -22"><span class='ocrx_word' id='word_1_370' title='bbox 130 4250 195 4304; x_wconf 86' lang='lat' dir='ltr'>dem</span> <span class='ocrx_word' id='word_1_371' title='bbox 218 4248 278 4316; x_wconf 87' lang='lat' dir='ltr'>quis</span> <span class='ocrx_word' id='word_1_372' title='bbox 298 4248 353 4305; x_wconf 87' lang='lat' dir='ltr'>sele</span> <span class='ocrx_word' id='word_1_373' title='bbox 380 4251 601 4309; x_wconf 86' lang='lat' dir='ltr'>determinavit:</span> <span class='ocrx_word' id='word_1_374' title='bbox 636 4249 681 4306; x_wconf 92' lang='lat' dir='ltr'>vel</span> <span class='ocrx_word' id='word_1_375' title='bbox 707 4266 788 4306; x_wconf 80' lang='lat' dir='ltr'>cum,</span> <span class='ocrx_word' id='word_1_376' title='bbox 826 4247 908 4321; x_wconf 86' lang='lat' dir='ltr'>plena</span> <span class='ocrx_word' id='word_1_377' title='bbox 932 4247 996 4308; x_wconf 85' lang='lat' dir='ltr'>licet</span> <span class='ocrx_word' id='word_1_378' title='bbox 1019 4263 1121 4326; x_wconf 69' lang='lat' dir='ltr'>praeced</span> 
     </span>
     <span class='ocr_line' id='line_1_47' title="bbox 128 4316 1123 4402; baseline 0.008 -23"><span class='ocrx_word' id='word_1_379' title='bbox 128 4316 220 4380; x_wconf 87' lang='lat' dir='ltr'>dente</span> <span class='ocrx_word' id='word_1_380' title='bbox 244 4322 468 4397; x_wconf 83' lang='lat' dir='ltr'>deliberatione,</span> <span class='ocrx_word' id='word_1_381' title='bbox 495 4327 598 4385; x_wconf 84' lang='lat' dir='ltr'>leviori</span> <span class='ocrx_word' id='word_1_382' title='bbox 625 4339 717 4386; x_wconf 88' lang='lat' dir='ltr'>tamen</span> <span class='ocrx_word' id='word_1_383' title='bbox 739 4326 863 4402; x_wconf 90' lang='lat' dir='ltr'>quodam</span> <span class='ocrx_word' id='word_1_384' title='bbox 884 4323 1012 4386; x_wconf 84' lang='lat' dir='ltr'>examine</span> <span class='ocrx_word' id='word_1_385' title='bbox 1032 4331 1123 4388; x_wconf 72' lang='lat' dir='ltr'>adium</span> 
     </span>
     <span class='ocr_line' id='line_1_48' title="bbox 124 4398 1124 4547; baseline 0.001 -87"><span class='ocrx_word' id='word_1_386' title='bbox 124 4398 186 4473; x_wconf 81' lang='lat' dir='ltr'>est3</span> <span class='ocrx_word' id='word_1_387' title='bbox 210 4398 331 4461; x_wconf 81' lang='lat' dir='ltr'>validius</span> <span class='ocrx_word' id='word_1_388' title='bbox 347 4404 421 4466; x_wconf 88' lang='lat' dir='ltr'>enirn</span> <span class='ocrx_word' id='word_1_389' title='bbox 435 4408 539 4484; x_wconf 82' lang='lat' dir='ltr'>patrati</span> <span class='ocrx_word' id='word_1_390' title='bbox 554 4405 707 4547; x_wconf 50' lang='lat' dir='ltr'>faciffirris,</span> <span class='ocrx_word' id='word_1_391' title='bbox 735 4422 821 4480; x_wconf 89' lang='lat' dir='ltr'>quam</span> <span class='ocrx_word' id='word_1_392' title='bbox 842 4406 975 4483; x_wconf 89' lang='lat' dir='ltr'>patrandi</span> <span class='ocrx_word' id='word_1_393' title='bbox 995 4420 1124 4466; x_wconf 87' lang='lat' dir='ltr'>commo-</span> 
     </span>
     <span class='ocr_line' id='line_1_49' title="bbox 660 4486 1129 4544; baseline -0.011 0"><span class='ocrx_word' id='word_1_394' title='bbox 660 4498 723 4544; x_wconf 79' lang='lat' dir='ltr'>mm</span> <span class='ocrx_word' id='word_1_395' title='bbox 743 4498 762 4543; x_wconf 81' lang='lat'>2</span> <span class='ocrx_word' id='word_1_396' title='bbox 1077 4486 1129 4540; x_wconf 66' lang='lat' dir='ltr'>m</span> 
     </span>
    </p>
   </div>
   <div class='ocr_carea' id='block_1_3' title="bbox 0 0 1522 5509">
    <p class='ocr_par' dir='ltr' id='par_1_3' title="bbox 0 0 1522 5509">
     <span class='ocr_line' id='line_1_50' title="bbox 0 0 1522 5509; baseline 0 7"><span class='ocrx_word' id='word_1_397' title='bbox 0 0 1522 5509; x_wconf 95' lang='lat' dir='ltr'> </span> 
     </span>
    </p>
   </div>
  </div>
 </body>
</html>
