3034 5509
300 647 358 705 au
392 624 493 700 Sara.
524 623 807 703 Portunata.
834 625 934 729 Lis.
959 630 987 704 1.
1069 634 1145 727 969·

155 804 330 870 mationemr
351 813 379 860 at
397 817 456 860 non
477 801 565 869 ultra,
586 816 670 876 quarn
689 801 760 860 aiter
783 804 1012 866 contrahentium
1034 809 1144 870 causam

154 883 240 939 habet
255 877 442 950 corriiciendi,
462 877 536 937 iliam
558 877 586 935 se
604 877 770 935 extendere.
1180 928 1182 932 .

194 956 245 1014 Sed
255 951 294 1025 δ”
310 953 449 1014 earundem
467 956 634 1027 privationes,
645 948 683 1021 ὃ
697 951 798 1026 uitio}
845 956 904 1015 liat
923 956 1073 1019 dicendum
1090 980 1144 1036 po·

156 1034 227 1100 tius,
249 1045 388 1091 emtorem
405 1043 512 1090 tanturn
530 1047 589 1088 non
608 1032 737 1090 daturum
758 1029 856 1104 tuisse,
875 1032 895 1090 sr
915 1035 951 1092 de
974 1036 1031 1103 isl'u
1051 1039 1145 1113 priva·

157 1110 282 1167 tionibus
298 1124 330 1163 ac
346 1106 423 1166 vitiis
438 1105 488 1179 ipsr
506 1106 683 1169 constitisset.
884 1155 887 1159 .

193 1184 252 1257 Etfi
272 1187 332 1243 illas
354 1179 589 1258 circumstantias}
630 1185 672 1240 Ut
698 1178 718 1240 ss
743 1186 876 1244 nuncium
898 1187 961 1261 quis
982 1193 1141 1267 acceperit,

151 1259 298 1321 adveitarn
315 1259 384 1328 esse,
412 1270 459 1316 aut
482 1261 627 1318 adveiiunr
654 1259 687 1316 iri
706 1276 834 1333 magnam
855 1263 990 1323 mercium
1011 1280 1059 1325 aut
1076 1269 1142 1325 alia-

150 1352 212 1396 rum
231 1353 326 1394 rerum
341 1333 472 1410 copiam,
493 1335 711 1398 diminutionem
732 1339 817 1412 pretii
832 1339 986 1400 earundem
1010 1352 1079 1403 mox
1100 1346 1143 1402 in·

153 1412 297 1475 ducturam
312 1411 367 1471 bic.

565 1491 593 1566 §-
628 1488 733 1549 VII.

186 1643 246 1704 Aut
266 1645 295 1703 in
310 1646 395 1719 pretio
417 1641 452 1717 eii
471 1641 617 1718 erratum}
657 1644 725 1703 Hoc
740 1643 818 1704 valet
831 1645 973 1721 precipue
994 1648 1022 1706 in
1037 1649 1143 1723 rebus,

149 1737 266 1799 quarum
293 1724 417 1796 pretium
438 1723 502 1795 iege
525 1720 565 1777 eil
591 1720 746 1780 delinitum.
798 1722 876 1803 Quin
898 1723 924 1780 dt
947 1725 975 1781 ia
1003 1727 1054 1792 iis,
1076 1743 1139 1800 qum

144 1800 266 1872 pretium
286 1813 455 1865 commune,
478 1799 653 1870 aliquantum
668 1797 825 1865 variabile,
847 1797 968 1867 babent,
989 1816 1076 1860 nemo
1095 1819 1140 1859 re·

117 1920 120 1926 Δ
143 1876 277 1948 guiariter
294 1872 366 1930 ultra
383 1872 518 1932 summum
537 1871 613 1931 iilius
629 1876 713 1947 pretii
728 1872 845 1946 gradum
862 1873 928 1934 dare
952 1876 1028 1933 veile
1042 1878 1111 1936 ceni
1125 1911 1137 1924 ·
1161 1937 1164 1948 „

145 1967 198 2010 tur.
237 1949 345 2007 Verum
361 1949 410 2006 ubi
425 1948 592 2007 variationis
609 1948 736 2008 tartffime
750 1949 893 2022 patuerint
909 1950 1014 2024 spatia3
1031 1953 1136 2015 eodem

141 2024 231 2086 modo
248 2023 273 2081 ie
301 2040 344 2081 res
369 2026 489 2093 habent,
511 2039 543 2082 ac
562 2027 635 2082 circa
652 2025 700 2081 iiia
720 2025 834 2092 omnia,
857 2042 980 2101 quorum
1001 2027 1135 2090 deterrui·

139 2118 237 2164 natum
253 2115 310 2158 non
338 2099 379 2157 eii
398 2102 522 2174 petium:
553 2101 590 2158 ita
615 2100 745 2170 scilicet,
767 2114 799 2158 ut
818 2102 838 2160 ir
854 2118 948 2175 neque
964 2103 1063 2173 dolus,
1084 2124 1134 2166 ne·

140 2198 196 2256 que
214 2193 294 2235 error
308 2178 382 2234 circa
400 2175 557 2234 essentiales
575 2177 616 2233 rei
638 2174 789 2250 qualitates
806 2178 1013 2248 intervenerit,
1031 2185 1135 2253 juilurn

141 2257 250 2328 semper
265 2250 335 2309 iliud
350 2251 383 2311 iit
393 2253 535 2327 pretium,
555 2250 633 2326 quod
650 2251 782 2310 ultronea
794 2253 991 2313 conventione
1011 2257 1051 2314 est
1067 2275 1139 2317 con·

142 2330 280 2390 stitutum.

571 2404 599 2477 i.
634 2403 647 2460 1
664 2402 703 2462 X.

178 2558 228 2617 Sed
239 2558 382 2632 probabilis
395 2565 498 2614 tamum
504 2553 567 2632 spes
584 2557 711 2635 emitari
746 2559 787 2617 iit
801 2558 821 2617 ii
838 2568 948 2617 ematur
963 2577 979 2616 a
993 2560 1134 2633 piscatore

138 2636 226 2710 iustus
244 2635 331 2708 retis,
351 2647 400 2692 aut
414 2650 430 2691 a
443 2634 589 2692 Venatore
610 2647 727 2710 captura
747 2634 837 2695 hodie
851 2635 1004 2696 successura
1025 2637 1079 2695 istc.

588 2790 616 2864 §.
653 2789 690 2850 X.

177 2946 229 3005 Uri
242 2945 358 3005 dominus
374 2941 682 3022 cumputandum}
722 2942 821 3015 Adde,
843 2943 922 3020 quod
941 2944 1054 3006 locator
1069 2962 1131 3007 retu

140 3022 261 3082 locatam
284 3021 451 3081 condustori
468 3024 631 3099 relinquere
654 3020 773 3092 debeat,
794 3020 887 3080 donec
904 3020 1057 3081 locationis
1080 3039 1131 3082 ex·

138 3100 283 3169 spiraverit
297 3100 450 3163 terminus;
472 3100 521 3157 nist
538 3096 678 3168 ejusmodi
693 3096 909 3170 supervenerint
924 3100 1019 3167 caius,
1038 3115 1129 3173 quos,
1191 3156 1194 3162 ,

135 3177 156 3234 sr
173 3173 359 3250 praevidisset,
386 3175 574 3250 probabiliter
595 3173 687 3232 suisset
706 3186 902 3247 excepturus:
930 3173 995 3234 utss
1016 3173 1128 3249 pensro·

136 3269 205 3312 nem
226 3251 383 3309 condutior
397 3268 448 3325 per
468 3251 586 3328 longum
608 3251 745 3325 temporis
765 3250 882 3324 spatium
910 3269 969 3308 non
991 3250 1126 3308 solverit:

135 3327 242 3387 fiaedes
264 3327 447 3400 corruperit,
468 3340 516 3386 aut
535 3330 573 3388 ita
594 3327 699 3399 egerit,
721 3337 753 3382 ut
767 3326 892 3383 incendii
914 3325 1060 3381 immineat
1078 3340 1133 3392 pe-

134 3401 273 3463 riculum:
293 3401 375 3459 aurii
396 3414 478 3474 turpe
498 3405 538 3462 lbi
553 3404 713 3462 exercuerit
727 3400 946 3468 commercium,
972 3400 1020 3456 vel
1035 3397 1129 3473 passus

135 3480 224 3538 fuerit
239 3476 375 3535 exerceri.
413 3480 499 3543 Hisce
516 3478 591 3536 enim
604 3475 710 3534 cafibus
723 3475 855 3532 omnibus
872 3474 994 3532 locatori
1018 3475 1064 3544 jus
1086 3477 1140 3539 est.

135 3551 337 3614 conduilorem
356 3569 427 3627 pure
442 3571 475 3614 ac
497 3552 658 3628 ssmpliciter
674 3548 849 3626 expellendi.
887 3548 972 3609 astu
993 3549 1128 3612 dominus

86 3641 89 3646 ’
138 3628 241 3690 radium
260 3627 386 3688 vendere
404 3645 477 3704 eas,
503 3644 552 3690 aut
576 3626 739 3686 necessarias
762 3625 868 3686 ibidem
884 3626 1030 3687 instituere
1051 3646 1131 3705 repa·

136 3706 265 3767 rationes
293 3703 384 3773 velit;
417 3722 466 3768 aut
495 3707 531 3764 ad
562 3705 707 3782 propriam
736 3703 975 3765 inhabitationem
1005 3703 1062 3781 ipse
1094 3707 1130 3765 iis
1175 3708 1177 3713 ’

139 3793 237 3858 egeat:
259 3781 385 3850 locatio,
407 3782 480 3844 sierr
501 3782 563 3842 solo
578 3781 698 3843 naturali
717 3782 781 3853 jure
803 3780 832 3838 id
851 3782 994 3855 metiaris,
1017 3798 1050 3840 ea
1070 3794 1131 3841 tan·

138 3875 200 3920 tum
223 3857 287 3933 lege
309 3856 482 3934 dissolvitur,
510 3872 542 3918 ut
566 3860 676 3917 locator
700 3858 862 3918 indemnem
885 3860 995 3933 praeiiet
1020 3859 1131 3917 condu-
1186 3894 1190 3904 ·

136 3937 258 4004 starem,
281 3934 360 4010 quod
383 3952 408 3996 e.
433 3955 461 4009 g.
483 3934 688 3996 habitationem
706 3935 743 3992 ira
772 3934 979 4004 commodam,
1000 3950 1048 3993 aut
1072 3948 1129 3994 tarn

137 4012 249 4072 modica
267 4009 398 4070 mercede
414 4014 479 4072 aiibi
501 4011 626 4087 reperire
642 4027 700 4068 non
717 4009 851 4080 licuerit3
873 4011 979 4086 quippe
1002 4027 1060 4068 nou
1082 4011 1134 4071 nist

136 4092 191 4148 hac
207 4088 377 4148 restriilione
391 4093 498 4152 censeri
519 4088 678 4148 condutior
699 4087 792 4162 potest
815 4088 842 4145 in
868 4089 896 4145 id
912 4089 998 4145 tacite
1015 4086 1135 4146 consen·

137 4165 221 4232 fisse,
239 4177 271 4223 ut
291 4185 321 4225 re
343 4167 436 4226 locata
459 4179 525 4228 ante
552 4175 727 4223 conventum
758 4175 869 4236 tempus
895 4162 927 4220 srt
960 4160 1136 4225 discessurus.

136 4242 268 4299 Tenetur
285 4259 400 4320 quoque
421 4247 534 4305 locator
556 4241 656 4301 sarcire
681 4241 800 4311 damna,
831 4257 893 4314 que
917 4256 952 4299 ex
973 4241 1048 4298 vitiis
1077 4241 1135 4311 r'ei,

136 4315 171 4378 ie
191 4316 293 4390 quibus
308 4317 358 4392 spii
373 4322 523 4394 consistit,
553 4331 602 4380 aut
623 4315 754 4378 constare
771 4316 885 4389 debuit,
906 4315 1062 4379 conductor
1078 4317 1139 4378 sen·

614 4394 731 4470 Ppp5
803 4430 807 4438 ·
897 4473 901 4485 ί
1085 4378 1192 4458 titi.N
