3034 5509
310 680 368 734 tn
402 658 500 731 Suu.
532 637 818 733 Purcnnonr.
852 659 942 737 Ltn.
975 661 1004 740 Ι.
1079 691 1155 766 917

160 828 427 904 deprehendamus,
455 833 500 889 cui
520 843 628 889 certum
656 831 823 907 firmumque
848 835 982 907 indicium
1007 841 1149 904 ualeamus

162 908 358 981 superstruere.
394 911 430 967 Et
450 909 515 966 heic
531 910 623 965 locum
641 907 727 965 habet
745 911 862 982 regula,
883 931 967 988 quam
989 921 1073 976 traciit
1089 926 1145 979 clu-

159 986 220 1040 tior
239 988 264 1060 ᾗ.
280 996 307 1046 6.
330 987 365 1043 de
386 983 537 1058 conscicntia
564 985 661 1051 dulim
682 1003 743 1058 quae
758 1005 791 1042 ea
812 989 867 1059 ipsa
882 990 937 1050 eli.
957 1008 1039 1062 quem
1056 995 1146 1075 irreso-

112 1093 117 1097 ·
150 1061 239 1120 >turam
253 1079 344 1130 voco,
367 1062 404 1118 acl
419 1060 725 1118 contradttttnettonem
738 1062 899 1138 conscientie
907 1067 1075 1141 scrupulum,
1097 1092 1144 1132 cu.

151 1136 198 1206 jus
220 1139 277 1211 ipse
299 1157 356 1196 non
381 1139 515 1194 meminit.
565 1135 718 1213 Scrupulrstr
740 1155 833 1196 aurem
855 1141 914 1198 hec
928 1135 1080 1219 concientia
1104 1153 1142 1209 stc

153 1213 268 1272 viffimis
284 1230 332 1273 aut
352 1216 480 1272 inanibus
499 1214 669 1288 quibusdam
691 1211 903 1273 difficutrartuus
927 1226 1023 1279 animo
1047 1226 1141 1283 lulior-

153 1292 188 1346 tis
202 1293 341 1364 gignitur;
371 1293 435 1347 dum
453 1305 545 1347 tamen
570 1293 605 1346 ab
626 1288 713 1347 altura
735 1305 816 1363 parte
840 1293 916 1349 nulla
936 1314 1077 1371 pregnans
1092 1304 1141 1359 ad-

151 1382 232 1438 paret
252 1367 399 1424 dubitandi
417 1368 499 1423 ratio,
539 1367 634 1442 Quum
651 1383 720 1423 vero
735 1368 874 1437 eiusmodi
893 1371 1011 1446 scrupuli
1033 1391 1064 1433 ur
1080 1379 1140 1451 plu.

146 1445 251 1500 timum
270 1460 328 1498 non
344 1442 393 1500 nist
410 1461 443 1500 ex
459 1443 528 1498 salla
549 1444 644 1516 aliqua
667 1443 846 1502 conscientie
862 1450 1068 1519 teneritudine,
1093 1466 1142 1513 aut

147 1521 235 1574 etiarn
258 1519 379 1576 craliiori
406 1518 602 1592 supersticione
623 1519 836 1593 producantur:
864 1523 897 1578 iis
922 1525 1035 1585 liberari
1053 1545 1140 1600 mox,

147 1593 281 1654 instituto
297 1599 339 1653 tei
362 1597 436 1654 letio
453 1596 607 1665 examine,
627 1595 704 1654 haud
723 1599 763 1656 ita
784 1595 898 1656 difficile
910 1599 1007 1662 luerit.

556 1722 581 1796 r.
620 1719 726 1780 vtt.

185 1839 249 1899 Non
274 1842 344 1898 circa
362 1842 507 1898 communia
526 1839 635 1896 vivendi
649 1836 811 1912 precepta}
849 1838 971 1897 Videtur
992 1839 1056 1897 heic
1080 1841 1138 1901 Au·

147 1918 207 1974 tior
229 1921 338 1974 errorem
366 1919 544 1974 invincibilem
567 1916 733 1987 restringere
755 1916 791 1969 ad
815 1932 904 1973 meras
926 1934 969 1973 res
988 1915 1062 1990 falli
1078 1929 1137 1991 :at

142 2007 223 2052 certe
243 1993 357 2052 &circa
365 1995 411 2068 jus
428 1992 522 2050 locum
537 1995 622 2051 habet
639 1995 666 2049 in
683 1991 849 2068 quibusdam
866 1993 969 2061 cauis,
991 1992 1018 2050 cit
1044 1995 1136 2071 respe-

142 2071 190 2126 ciu
209 2070 405 2128 nonnullarum
428 2070 634 2144 personarum,
657 2068 751 2126 saltem
775 2070 857 2126 certis
875 2073 1057 2145 temporibus.
1097 2074 1135 2130 E-

145 2145 260 2220 quidem
281 2148 485 2219 generclillimc
504 2147 650 2206 Naturalis
670 2145 744 2220 Juris
766 2160 932 2218 precepta,
963 2159 994 2203 nt
1016 2144 1042 2204 ἃ
1067 2147 1133 2214 illa,

141 2240 208 2295 quae
230 2241 264 2291 eu
284 2227 317 2280 iis
338 2224 527 2290 immediato,
544 2237 592 2279 aut
612 2237 671 2278 non
693 2223 733 2278 ira
756 2235 868 2276 remoto
890 2238 965 2278 nexu
986 2223 1134 2282 manilelle

140 2298 251 2365 fluunt,
271 2301 311 2356 ittt
335 2299 396 2356 sunt
417 2312 598 2372 comparata,
618 2310 648 2354 ut
667 2297 756 2353 homo
775 2298 893 2353 rationis
917 2314 1042 2369 compos·
1059 2303 1135 2355 circa

140 2379 211 2433 talia
235 2379 263 2432 in
287 2383 382 2430 errore
402 2373 560 2431 invincilrili
580 2373 685 2430 versari
701 2385 841 2442 nequeat,
862 2372 957 2428 saltem
979 2377 1051 2430 inter
1073 2389 1134 2431 tan-

143 2453 231 2524 risper
246 2463 368 2506 moratas
382 2464 497 2519 gentes:
517 2450 596 2522 quod
612 2447 721 2506 sienim
748 2446 823 2505 forte
845 2447 967 2521 populos
989 2447 1070 2506 detur
1090 2465 1135 2508 re·

140 2532 253 2604 perire,
275 2525 350 2598 apud
365 2541 437 2598 quos
459 2524 637 2582 educationis
663 2526 735 2580 vitio
763 2525 805 2581 vis
833 2526 951 2581 rationis
976 2526 1013 2580 ita
1037 2527 1134 2584 oblur-

141 2605 257 2670 duerit‚
276 2618 307 2661 ut
321 2600 468 2659 manifesta
484 2601 621 2675 ejusmodi
638 2601 775 2676 principit
789 2601 912 2657 formare
933 2599 1003 2669 sibi,
1025 2617 1073 2659 ant
1088 2605 1136 2658 in-

141 2681 269 2756 telligere
291 2697 348 2736 non
374 2681 484 2742 valeam
506 2678 568 2752 plus
590 2691 667 2735 certe
692 2678 728 2735 de
754 2680 843 2735 brutis
864 2678 1002 2739 habeant.
1022 2679 1131 2737 nccelse
1221 2717 1223 2723 ·

141 2758 205 2823 eil,
225 2774 308 2832 quam
325 2757 360 2813 de
374 2755 554 2826 hominibus:
574 2753 728 2813 &noverit
750 2756 848 2822 Deus,
868 2771 930 2811 utra
949 2755 1030 2813 claffe
1052 2761 1131 2813 veni·

141 2851 191 2892 ant
218 2833 388 2893 collocandi.
428 2836 534 2892 Verum
565 2833 643 2906 quod
666 2834 767 2889 attinet
791 2831 827 2887 ad
853 2830 1020 2904 questiones
1039 2875 1046 2899 ,
1067 2851 1130 2907 qna

140 2911 264 2969 nonnisi
289 2912 372 2983 longa
388 2913 638 2968 ratiocinationum
662 2907 969 2982 &consequentiarum
993 2910 1062 2967 serie
1085 2927 1130 2967 re·
1148 2923 1160 2950 ι’

140 2988 211 3046 solvi
228 2989 355 3062 pulsuum
378 2989 431 3053 iis,=
447 2992 496 3062 qni
512 3003 570 3043 atre
585 2987 773 3046 ratiocinandi
798 3002 855 3042 non
872 2987 997 3059 pollent,
1020 2988 1128 3062 quique

154 3067 190 3121 rbi
209 3067 335 3122 habitum
360 3064 453 3136 plnres
474 3065 621 3122 abitracias
643 3063 722 3121 ideas
747 3062 842 3128 fimul‚
863 3080 897 3119 ac
919 3067 1011 3121 varios
1029 3082 1128 3124 earum

138 3159 226 3199 netur
249 3140 467 3206 considerandi,
497 3144 721 3214 principiumque
743 3143 771 3197 in
798 3144 929 3197 omnibus
953 3140 1006 3198 suit
1024 3141 1126 3199 conlc-

139 3220 261 3292 qpenriis
276 3216 462 3292 persequendi
480 3235 537 3274 non
553 3218 792 3276 conciliaverunt:
813 3219 862 3284 iis,
884 3218 1015 3290 inquunt,
1036 3233 1125 3290 quum
1151 3222 1155 3233 ’

139 3299 175 3352 de
197 3296 299 3351 talibus
326 3295 524 3368 quaestionibus
544 3295 670 3364 judicare
695 3293 891 3368 pertentium,
920 3295 968 3349 vix
998 3309 1124 3350 errorem

136 3373 330 3430 invincibilem
347 3371 413 3428 licet
429 3369 572 3439 eliunete;
593 3370 651 3427 &fi
671 3372 698 3427 in
713 3388 810 3428 verum
828 3373 986 3433 incurrant,
1007 3367 1036 3424 id
1058 3369 1125 3425 sane

136 3464 176 3505 ex
203 3446 339 3502 accidenti
365 3447 414 3502 eti.
451 3450 517 3504 Huc
541 3450 687 3517 pertinent
709 3463 793 3518 quam
816 3447 954 3517 plurimi,
975 3446 1024 3516 qui
1044 3443 1123 3501 nulla

136 3525 241 3598 precia
256 3524 445 3590 educatione,
467 3539 576 3581 mature
603 3525 742 3593 ejusmodi
766 3521 874 3588 increffi
890 3521 950 3578 lunt
965 3523 1031 3577 vitae
1047 3520 1123 3577 inlli-

136 3613 216 3662 tttta,
236 3616 297 3671 qnae
320 3599 501 3673 impediunt,
523 3604 675 3673 quominus
698 3601 822 3656 animum
847 3614 911 3654 cum
935 3596 1023 3654 frul’tn
1046 3597 1123 3656 vaie-

137 3689 185 3735 ant
202 3676 353 3732 excolere:
374 3675 497 3734 destituti
519 3691 655 3750 praeterea
677 3675 797 3734 aliorum
827 3691 899 3748 ope,
920 3691 967 3747 per
993 3691 1064 3748 quos
1087 3677 1122 3733 iis

137 3755 248 3813 notitiis
268 3755 320 3809 rite
341 3755 522 3823 imbuantur,
541 3771 602 3828 que
630 3755 705 3811 suum
728 3751 843 3828 quidem
866 3766 979 3824 captum
999 3768 1058 3808 non
1079 3751 1121 3808 su·
1198 3759 1200 3763 “

136 3844 251 3906 petant,
273 3830 317 3885 secl
334 3828 369 3886 ad
384 3829 451 3902 quas
468 3844 560 3887 tamen
577 3831 795 3888 manuduiiione
810 3846 881 3901 opus
899 3830 1015 3885 habent.
1054 3827 1122 3884 Per.

112 3928 115 3933 ’
136 3905 269 3966 tinent&
284 3907 356 3975 huc,
378 3908 425 3980 qui
441 3906 549 3980 prediti
572 3908 699 3979 alioquin
721 3922 785 3962 cum
807 3905 939 3973 dotibus,
959 3918 1018 3960 tum
1040 3903 1122 3960 subst-

135 3986 188 4042 diis
213 3982 389 4046 necessariis,
416 3985 518 4056 quibus
548 3982 669 4042 saccello
697 3983 830 4055 temporis
863 3980 910 4037 vel
939 3979 1123 4042 subtiliffimas

123 4058 302 4132 ⁴questiones
319 4058 450 4116 decidere
466 4059 595 4125 valeant,
615 4056 742 4116 nondum
765 4058 912 4115 tamenim
935 4071 1121 4116 exercuerunt

134 4135 427 4202 {neutrarrstnasmnr
441 4150 548 4194 tantum
568 4138 681 4194 luminis
696 4133 919 4207 adquifiverunt,
940 4147 971 4188 ut
987 4131 1049 4206 pon
1065 4134 1079 4191 i
1097 4132 1119 4190 f·

134 4213 233 4270 ficiens
253 4229 367 4271 examen
387 4215 443 4284 jam
463 4213 490 4272 se
511 4227 619 4288 queant
647 4211 848 4269 determinare.
896 4211 1000 4265 Verum
1022 4209 1119 4267 etiam-

133 4288 154 4351 fi
183 4301 312 4354 errores,
345 4293 372 4348 in
398 4298 480 4364 iquos
509 4292 624 4366 utrique
659 4289 872 4362 prolabuntur,
903 4286 1036 4343 haetenus
1064 4285 1119 4344 ssot

129 4363 327 4436 invincibiles,
346 4369 481 4442 quamdiu
496 4371 526 4432 in
539 4385 573 4429 ea
584 4367 751 4429 detinentur
774 4361 956 4428 conditione:
977 4378 1035 4423 oon
1051 4362 1119 4419 ideo

368 4451 370 4455 ’
638 4443 782 4515 Muctz
1025 4451 1125 4499 tamen
