3034 5509
284 656 341 714 nn
374 634 473 709 Sam
507 631 783 710 Purennonr.
818 632 995 712 Lrn.1l
1077 650 1152 732 9⁴81

407 794 409 800 ,
516 805 717 882 ,ΜΚ
804 787 811 800 .

196 961 340 1040 Regnlnris
354 961 444 1037 forma
467 962 575 1020 ciuitati
600 956 715 1034 corrstnre
739 959 860 1036 delient}
907 961 1052 1038 Siquidem
1072 980 1138 1043 pru-

150 1038 256 1099 dentes
280 1042 384 1113 semper
400 1057 433 1095 ac
454 1042 537 1111 probi
559 1037 656 1096 summi
679 1041 848 1110 imperantes
863 1038 1027 1103 existerentt
1047 1062 1138 1120 penos

153 1117 228 1190 ipsos
247 1118 296 1174 has
319 1132 418 1173 omnes
445 1115 555 1189 imperii
579 1127 673 1188 partes
702 1117 773 1171 citra
802 1114 887 1172 ullam
908 1118 1139 1185 imminutionem

153 1209 203 1250 aut
228 1193 468 1251 modificationem
495 1206 636 1249 connexas
659 1188 747 1258 state,
776 1194 907 1266 utiquee
927 1212 957 1252 re
977 1195 1052 1255 soret
1080 1201 1135 1259 rei-

150 1269 279 1344 publicae.
335 1271 441 1324 Verum
466 1272 628 1326 enimvero
651 1284 747 1341 quum
766 1268 836 1326 telle
852 1272 1026 1341 experientia
1055 1277 1136 1334 abuti

147 1346 243 1418 ampla
259 1344 401 1418 potestate
414 1343 499 1404 sacile
512 1345 669 1403 ‘admodum
685 1343 734 1401 srt:
759 1346 826 1402 inde
844 1361 904 1417 que
920 1363 954 1404 ex
974 1347 1067 1408 divisis
1084 1352 1135 1410 ali·

147 1423 253 1498 quibus
271 1422 368 1478 summi
386 1423 494 1495 imperii
507 1423 616 1492 iuribus
631 1422 763 1480 oriuntur
779 1423 976 1486 incommoda,
999 1425 1049 1494 iis,
1070 1443 1132 1500 qun

143 1504 184 1556 ab
205 1499 269 1563 itta,
288 1514 382 1570 quam.
399 1499 501 1555 innuit«
525 1499 629 1556 Artior
655 1500 852 1568 regularitate,
876 1502 908 1560 ln
928 1499 993 1557 idea
1019 1515 1130 1565 tantum

143 1577 176 1633 se
197 1574 398 1648 adprobante,
427 1576 592 1641 imminent,
628 1574 735 1650 semper
769 1575 853 1649 longe
877 1579 987 1634 minora
1015 1576 1132 1641 fuerint.
1166 1619 1176 1626 =-

143 1652 259 1723 Nempe
277 1652 387 1724 egregia
400 1651 448 1708 illa
469 1652 508 1710 est
522 1652 700 1724 regularitas,
721 1668 783 1727 qna
797 1653 970 1726 principibus
985 1656 1134 1730 suscipien-

145 1727 247 1783 dorum
272 1746 296 1784 e.
315 1745 342 1797 g.
372 1740 414 1783 tot
436 1745 493 1785 non
517 1729 753 1798 necessariorum,
781 1733 940 1788 autetiam
964 1729 1132 1801 iniustorum

143 1803 283 1859 beliorum
301 1804 372 1860 vires
390 1804 594 1867 subministrat:
615 1822 737 1880 quorum
754 1805 822 1863 baut
839 1810 980 1881 experturi
995 1825 1132 1868 erumnas

142 1877 246 1937 subditi
267 1879 369 1941 esseut.
398 1878 563 1953 fipotellas
591 1882 736 1940 indicendi
762 1883 866 1940 tributa
895 1886 1133 1952 accondncendi

142 1955 260 2015 militem
282 1956 406 2012 concilio
421 1956 535 2031 popuii,
563 1970 611 2016 aut
632 1958 760 2031 ejusdem
779 1960 938 2036 deputatis,
962 1959 1008 2019 uel
1022 1962 1052 2021 in
1067 1961 1131 2029 soli-

89 2084 93 2093 „
142 2033 227 2104 dum,
248 2031 295 2101 nel
315 2046 349 2092 ex
369 2047 451 2113 parte
471 2032 629 2094 constaret.

456 2186 631 2246 Canum
669 2160 807 2248 vlle

575 2341 603 2415 s·
642 2341 681 2403 X.

177 2496 237 2553 Ubi
249 2497 320 2572 leges
334 2506 381 2556 aare
400 2484 522 2569 instituta
537 2495 659 2554 civitatis
672 2512 722 2554 nnn
728 2487 795 2570 sunt
810 2494 1016 2574 munierant.
1043 2498 1077 2570 E,
1096 2517 1128 2574 g.

135 2571 159 2629 ‘fi
179 2573 254 2644 leges
276 2591 313 2629 eo
335 2572 477 2638 tendant,
505 2584 537 2629 ut
563 2573 684 2647 populus
706 2573 871 2645 neutiquam
890 2575 1055 2644 bellicosus,
1077 2575 1126 2635 sed

135 2653 215 2724 pacis
236 2650 340 2707 artibus
357 2651 477 2707 idoneus
505 2651 532 2706 in
548 2663 625 2708 arma
641 2661 834 2706 convertatur.

97 2748 100 2753 ·
175 2728 234 2784 Aut
255 2725 400 2800 regionis]
441 2727 488 2784 Sic
509 2725 697 2784 inconsultum
719 2729 839 2782 omniuo
861 2724 947 2783 suerit
987 2742 1129 2784 commen-
1225 2752 1227 2757 ¹

131 2803 182 2867 cio
195 2820 228 2859 ac
243 2803 363 2877 opificiis
377 2816 436 2859 non
453 2801 549 2860 lavere
564 2804 594 2861 in
618 2805 737 2873 regione
751 2803 787 2858 ad
803 2803 944 2873 ejusmodi
964 2803 1124 2861 institutum
1214 2855 1223 2873 ,

133 2893 298 2953 opportune
316 2877 384 2948 srta,
404 2879 559 2953 taliumque
581 2895 672 2936 rerum
694 2876 807 2943 ferace,
836 2895 871 2937 ex
892 2881 994 2953 quibus
1015 2896 1127 2941 merces

125 2955 259 3026 'amplum
280 2957 388 3012 lucrum
405 2954 516 3012 adferre
531 2970 611 3027 aptas
626 2954 767 3015 fabricare
783 2954 878 3012 liceat.

173 3030 319 3105 Disporrznn
334 3033 369 3090 nd
382 3031 505 3107 territas]¹
548 3033 605 3089 Ubi
626 3048 652 3089 e.
674 3048 701 3104 g.
722 3033 837 3103 impune
857 3029 972 3100 iusignia
988 3030 1060 3091 vltia
1074 3036 1125 3091 ab·

131 3121 219 3173 eunt,
247 3123 296 3165 aut
317 3108 416 3165 leviter
439 3123 547 3165 tantum
570 3108 697 3166 enormia
720 3106 821 3166 delicia
836 3112 1009 3182 puniuntur;
1031 3107 1123 3168 veluti

129 3184 305 3252 insomnia,
325 3185 394 3252 ubi,
412 3186 461 3259 qui
476 3184 660 3244 homicidium
676 3185 830 3254 commitit,
850 3185 937 3260 pensa
954 3201 1001 3257 30.
1024 3183 1123 3246 allium

128 3259 219 3320 multa
239 3261 404 3321 absolvitur.
892 3286 895 3290 ·

168 3338 228 3394 Aur
241 3334 389 3471 arljustg}
426 3337 456 3397 st
479 3341 618 3399 extraneis
632 3337 739 3410 justitia
755 3336 929 3408 denegetur,
951 3347 999 3392 aut
1020 3334 1121 3394 fovea·

128 3423 176 3472 tur
218 3415 315 3471 iratica
363 3433 387 3471 c.
1080 3467 1082 3469 ,

169 3431 215 3544 U?
220 3505 265 3560 prr
284 3507 328 3546 ens
341 3492 446 3566 negotia
459 3491 563 3563 parisien
577 3505 626 3548 nan
646 3484 766 3563 poffinss.
807 3487 850 3544 Ut
871 3487 898 3543 in
918 3483 1044 3555 Palania,
1066 3487 1119 3565 ubi

123 3563 248 3623 dissensu
269 3567 351 3624 unius
372 3584 406 3627 ex
433 3566 558 3626 consessu
584 3567 786 3640 abrutnpuntut
806 3565 931 3622 comitia:
956 3579 1018 3636 que
1043 3564 1115 3626 aliae

124 3642 174 3711 sex
196 3639 382 3702 hebdomadis
410 3644 533 3703 breviori
553 3642 670 3719 quidem
696 3639 890 3718 proponendis
919 3654 1006 3712 atque
1032 3657 1119 3717 caper

120 3717 239 3783 clientiis
258 3717 371 3795 singulis
386 3721 509 3798 negotiis
525 3721 685 3782 constituto
702 3720 793 3798 spatio
814 3719 1014 3787 terminantur,

492 3876 559 3953 ¹t.
599 3877 742 3943 xit..

163 4027 341 4106 sitiatque
364 4028 527 4106 republica}
566 4033 653 4090 Hanc
672 4025 800 4088 indolem
830 4026 963 4086 censente
990 4025 1113 4094 Austore

123 4120 181 4183 pra
197 4108 224 4163 se
239 4105 350 4166 serenat
364 4108 506 4184 respublica
523 4107 657 4176 Romana,
680 4122 715 4165 ert
734 4122 794 4180 quo
814 4104 936 4180 populus
951 4104 1109 4175 peculiares

119 4183 188 4240 snos
206 4184 393 4255 magistratus,
418 4182 542 4242 Tribunus
559 4184 663 4250 ainos,
684 4183 780 4242 nasius
795 4179 847 4240 est.
892 4177 969 4238 Vide
986 4179 1109 4242 disiecta·

118 4258 237 4340 nonen
258 4261 289 4329 tie
308 4260 399 4331 Firma
414 4261 578 4342 Respublica
596 4259 719 4318 Romane
738 4261 766 4344 s.
789 4274 838 4339 24.
858 4255 930 4338 seqq.
957 4255 1114 4322 interdie

610 4337 730 4422 Qatrr
1058 4331 1116 4397 ίαν
