3034 5509
241 578 361 672 ¹‘roos
427 589 649 666 Earsrorr
673 587 901 664 consonat
926 585 1159 667 anonim

289 769 359 827 Non
380 768 454 826 hene
481 767 508 823 in
530 764 673 838 principiis
698 764 751 822 iuis
779 765 828 822 ibi
850 762 960 822 constat
981 765 1173 837 nnonpmuse
1203 765 1242 824 ni·

252 848 340 904 tulum
355 843 445 905 dicit,
466 857 586 898 autnon
605 841 677 896 stitis,
718 839 941 898 Fundamentum
957 843 1064 916 quippe
1083 840 1241 916 obligatio·

255 920 298 978 nis
326 920 493 978 observandi
514 917 561 990 Jus
585 918 701 972 Naturae
721 918 843 973 collocat
869 917 912 991 ss.
937 917 1000 993 13.)
1030 922 1058 974 in
1078 916 1135 992 ipsa
1154 934 1240 977 rerunt

253 1009 363 1056 tratura.
386 989 660 1068 reilaque'soctmrlum
677 993 741 1051 bono
763 995 872 1049 rationis
890 997 1043 1066 preceptis,
1061 992 1242 1051 confidenti·

252 1073 306 1129 bus
328 1072 373 1145 (s.
400 1086 431 1140 15
451 1086 462 1140 p
486 1070 512 1125 in
528 1068 675 1142 quibusdam
688 1071 842 1143 equalitatis
855 1072 1153 1144 proportionalitatisqua
1172 1072 1240 1147 logi·

253 1151 318 1207 luo:
338 1146 483 1218 supponit.
506 1147 618 1218 aliquam
637 1141 694 1209 fore
718 1150 863 1203 naturalem
883 1149 1077 1224 obligationem.
1104 1146 1155 1215 ets
1165 1148 1240 1206 dare·

253 1236 298 1281 tur
319 1222 404 1280 Deum
422 1223 520 1277 nullum
534 1218 591 1299 effe
631 1222 761 1280 Attamen
773 1223 842 1296 juo,
861 1224 925 1297 qrtol
941 1224 985 1280 lto
997 1223 1050 1298 salo
1061 1221 1161 1294 fluat,
1178 1225 1238 1282 val·

251 1301 283 1359 de
301 1295 476 1373 imperialium
495 1304 601 1362 naioet,
623 1314 655 1352 ac
676 1299 853 1357 terminatum
876 1315 934 1364 eu,
957 1301 1034 1368 quod
1054 1302 1164 1374 propriae
1181 1316 1239 1359 con·

244 1376 406 1455 servationis
425 1373 656 1448 commilitonisque
668 1393 731 1434 toro
751 1376 885 1449 exegerit.
925 1375 983 1449 loon
1000 1375 1055 1434 iliae
1076 1376 1238 1450 equalitatis

155 1474 158 1479 ·
253 1473 284 1513 oc
297 1452 542 1528 proportionalitatis
554 1453 638 1528 leger,
663 1451 710 1509 ilia
730 1448 803 1506 rollo
815 1448 959 1526 secunlum
978 1465 1105 1510 naturam
1126 1454 1238 1512 rationis

249 1542 392 1606 praeopto,
421 1543 519 1584 nonne
544 1526 571 1582 iii
596 1523 708 1598 fingulis
731 1543 764 1584 ac
780 1532 995 1600 quibuscunque
1011 1527 1117 1588 officiis
1141 1532 1237 1592 locum

236 1603 381 1665 'habenti
409 1602 526 1661 Nullum
553 1605 681 1673 excipit,
711 1615 757 1658 aut
780 1606 911 1676 excipere
938 1606 1108 1677 Attonpmus
1136 1604 1237 1678 potest.

249 1678 410 1744 Admittere
430 1693 499 1753 ergo
520 1679 660 1738 necessum
679 1679 783 1750 habet,
804 1675 915 1736 secretis
939 1680 1055 1754 quidem
1077 1683 1152 1748 illis,
1176 1698 1237 1757 qua

250 1756 366 1818 Diteiie
387 1756 481 1813 Deum
505 1753 668 1828 respiciunt,
690 1754 797 1828 reliqua
819 1757 931 1825 omnia,
953 1756 1056 1815 sublata
1072 1760 1162 1817 etiam
1183 1762 1239 1820 Dei

252 1832 415 1897 existentia,
437 1829 464 1887 in
481 1843 545 1889 toto
561 1830 611 1888 suo
631 1831 729 1906 vigore
750 1829 893 1888 subslituta
910 1831 974 1892 elie.
1014 1832 1176 1894 Enimvero
1195 1848 1238 1894 ea.

252 1907 317 1964 dent
334 1907 440 1978 semper
454 1920 551 1964 natura
567 1922 659 1964 rerum
674 1920 814 1964 remanet:
836 1906 861 1963 lit
881 1907 1008 1986 quampis
1030 1911 1064 1966 dc
1078 1911 1148 1970 ideis
1165 1911 1239 1971 inod-

250 1983 333 2042 ieeur
351 1982 439 2039 diuini
453 1979 583 2054 loquatur
605 1983 792 2055 Anonymus3
813 1998 870 2039 non
889 1984 915 2041 in
932 1983 965 2041 iis
981 1997 1075 2042 tamen
1100 1986 1172 2046 ideis
1192 2005 1239 2048 na·

250 2074 339 2119 turam
350 2072 439 2115 return
450 2099 456 2122 ,
467 2070 612 2129 nexusque
627 2058 692 2115 inde
708 2057 872 2116 resultantes
889 2060 1240 2138 contemplamumquem.

248 2132 402 2192 admodum
419 2148 476 2190 non
498 2130 526 2189 in
548 2131 684 2191 subtiliori
704 2130 796 2205 aliqua
818 2134 1028 2208 Metapityirca,
1050 2141 1165 2212 egregia
1181 2142 1239 2201 Na·

236 2209 350 2268 ‘ruralis
372 2207 445 2284 Jutls
466 2225 498 2265 ac
524 2206 657 2268 dollrinae
676 2210 790 2268 moralis
811 2209 951 2284 principia
973 2229 1102 2282 querere
1128 2217 1237 2276 coniol-

252 2302 312 2345 tum
327 2284 421 2343 suerit.
461 2281 510 2344 Ast
526 2284 591 2343 heic
608 2287 731 2355 iterum,
752 2302 783 2344 ut
796 2288 851 2358 jam
870 2285 948 2361 supra
972 2290 996 2364 i.
1018 2297 1045 2350 o.
1067 2291 1239 2366 Anonymus

251 2357 467 2435 siopomenon
494 2362 556 2420 utili
585 2360 729 2421 manifeste
752 2362 920 2428 consonate
951 2366 1030 2438 quod
1049 2364 1137 2424 etiam
1153 2369 1238 2429 allato

245 2438 384 2519 prietatis,
398 2440 524 2496 latronum
544 2439 677 2515 exemplo
701 2437 819 2498 constat.
857 2440 901 2496 rin
926 2442 1000 2499 enirn
1023 2440 1137 2501 bonelli
1157 2462 1236 2510 cura,

251 2515 357 2591 perditi
378 2512 508 2572 homines
534 2516 699 2586 praedante.
721 2531 747 2589 g.
769 2515 913 2588 aqualiter
937 2516 1011 2576 inter
1032 2517 1058 2574 se
1086 2518 1238 2582 dividant?

251 2595 327 2652 Num
345 2591 459 2659 credas,
480 2591 544 2648 iilos
567 2591 697 2652 dusluros
720 2590 875 2664 religioni,
895 2590 1033 2666 aliquam,
1055 2593 1076 2651 fi
1096 2596 1157 2657 fieri
1177 2614 1240 2671 pos·

220 2670 223 2675 ’
251 2668 301 2729 stt.
324 2669 487 2740 portionem
514 2683 661 2736 avertere,
692 2680 740 2727 aut
762 2665 920 2724 habendam
949 2669 1004 2730 effe
1026 2669 1090 2730 talis
1118 2671 1238 2750 scrupuli

249 2744 413 2809 rationem,
434 2757 565 2820 tauquam
582 2743 721 2804 observati
742 2741 805 2817 ipfis
821 2740 930 2803 officiii

289 2821 411 2879 Nullum
428 2821 523 2892 itaque
550 2820 630 2879 datur
652 2820 794 2879 medium:
816 2820 935 2897 obligatio
956 2819 1049 2894 legum
1074 2824 1141 2897 julli
1166 2828 1237 2886 inter

249 2895 383 2954 homines
400 2908 445 2952 aut
460 2895 571 2969 prorsus
587 2913 644 2954 non
660 2894 767 2966 pendet
783 2913 797 2952 a
817 2897 902 2965 Deo,
923 2914 956 2954 ac
980 2897 1062 2955 unice
1080 2901 1107 2962 in
1124 2903 1180 2976 ipsa
1197 2919 1237 2960 ie.

249 2989 312 3030 rum
329 2985 427 3030 natura
448 2972 563 3030 fundata
579 2973 636 3037 eti,
656 2971 734 3031 sicuti
747 2972 876 3046 principio
893 2973 1074 3034 Aritbmelicae
1089 2996 1120 3036 ac
1134 2978 1235 3037 Germe·

249 3050 326 3113 trie3
348 3060 395 3105 aut
417 3062 488 3102 vero
511 3047 652 3104 intratura
677 3063 768 3105 rerum
792 3048 891 3106 eadem
906 3051 990 3124 plane
1010 3068 1068 3110 non
1091 3053 1234 3117 fundatur.

205 3163 208 3172 .
249 3125 310 3200 Jam
330 3137 421 3179 autem
438 3135 534 3179 natura
552 3140 642 3180 rerum
660 3139 708 3194 per
724 3124 751 3181 se
767 3125 987 3199 obligationem,
1008 3133 1125 3203 proprie
1143 3132 1180 3190 fic
1197 3130 1235 3189 di·

186 3215 193 3227 ·
250 3203 341 3265 etaim,
361 3199 508 3271 imponere
523 3200 607 3256 nobis
629 3213 687 3256 non
707 3198 809 3274 potest.
846 3203 1059 3282 Qualiorunque
1084 3207 1111 3266 se
1127 3207 1237 3282 aequali·

249 3275 316 3340 ratis
338 3291 370 3330 ac
384 3273 674 3348 proportionalitatis.
696 3277 905 3335 convenientia
926 3291 973 3336 aut
988 3277 1236 3342 disconvenientia

247 3365 340 3417 nexus
356 3353 384 3408 in
398 3365 495 3409 natura
510 3366 602 3408 retum
617 3350 735 3421 prodat:
756 3352 813 3409 hnc
827 3352 888 3410 solo
903 3353 1021 3412 nonnisi
1035 3356 1070 3415 ad
1084 3358 1236 3432 agnoscen-

248 3434 315 3493 dorm
332 3425 412 3489 istum
430 3442 532 3486 netum
552 3426 719 3486 inducimur.
762 3427 879 3504 Aliquid
900 3430 1018 3502 amplios
1033 3435 1169 3504 accedat,
1192 3451 1238 3494 ne-

251 3502 326 3569 cess'e
341 3502 397 3570 est,
419 3517 450 3562 ut
467 3504 672 3575 constringatur
687 3505 800 3563 libertas
823 3505 930 3572 nostra,
951 3523 985 3564 ac
1005 3507 1040 3567 ad
1059 3526 1237 3583 componen-

249 3587 299 3644 das
315 3592 396 3636 certo
411 3581 545 3651 quopiam
558 3579 648 3637 modo
664 3578 770 3638 nostras
785 3580 907 3640 ustiones
925 3584 1139 3657 compellamur,
1179 3590 1239 3648 Ne·

249 3673 306 3735 que
329 3656 417 3723 ratio,
451 3655 477 3711 in
496 3655 522 3711 se
540 3653 742 3721 conflictata,
760 3672 792 3714 ac
814 3660 925 3718 semoto
946 3659 1102 3730 Creatore‚
1130 3666 1182 3737 qui
1206 3682 1241 3724 ea

248 3751 303 3798 nos
319 3731 443 3795 dotavit,
467 3730 582 3800 iniicere
598 3731 679 3787 nobis
692 3728 785 3802 potest
807 3734 994 3796 necfffitatem
1015 3737 1078 3796 illas
1100 3740 1240 3800 notiones

248 3807 403 3880 sequendi.
431 3807 480 3864 etsi
502 3806 634 3872 easdem,
663 3820 795 3881 tanquam
818 3810 846 3866 in
871 3826 969 3872 natura
988 3829 1081 3872 rerum
1106 3812 1242 3876 fundatas

249 3885 388 3956 adprobet
440 3896 463 3941 t,
487 3883 568 3942 isnim
585 3883 724 3942 abslraills
741 3883 815 3943 hisce
832 3905 863 3945 ac
879 3887 1055 3964 speculativis
1070 3890 1141 3950 ideis
1158 3890 1242 3952 adfe-

250 3965 311 4022 ltus
328 3958 466 4017 sensibiles
484 3958 618 4031 quasdam
635 3977 667 4017 ac
682 3960 835 4032 patheticas
849 3966 924 4023 ideas
940 3980 1106 4040 opponunt:
1128 3968 1156 4025 in
1172 3968 1242 4042 plu·

251 4040 326 4095 ribus
343 4034 515 4103 aaronitas,
536 4037 639 4113 quihus
655 4038 755 4112 aliquis
779 4037 1128 4103 disconvenientiaenexua
1144 4043 1244 4119 inest,

251 4113 339 4181 lonae
364 4109 534 4167 viridiorem
560 4129 682 4178 nexum,
705 4112 809 4172 senium
834 4117 986 4192 voluptatis
1007 4120 1142 4192 easdem,
1158 4123 1240 4195 ipio,

248 4202 310 4261 quo
332 4187 526 4259 suscipiuntur,
566 4204 713 4249 momento
740 4192 939 4261 comitantem,
979 4196 1062 4254 nobis
1085 4199 1244 4271 represen-

248 4273 320 4329 tant.
358 4263 389 4325 si
403 4265 438 4323 ab
451 4264 592 4337 ejusmodi
613 4267 771 4329 altioribus
792 4269 950 4337 intelioiito
970 4271 1065 4339 lumen
1086 4289 1141 4336 uos
1159 4293 1246 4339 aver·

1186 4352 1258 4427 'tlte-
