3034 5509
264 641 338 724 '972
370 728 373 732 Δ
476 630 621 705 Nona
649 630 714 726 Jo.
746 631 1062 706 Bannnunncn

263 807 322 878 ipse
350 767 506 876 tranfierit3
526 820 594 874 aut,
614 807 664 883 qui
685 803 873 881 magistrarum
889 807 1044 882 gerebant,
1061 805 1118 877 iam
1137 823 1266 870 munere

263 879 313 942 luo
329 883 458 944 abierint.
675 959 702 1034 ᾗ.
741 959 770 1018 V
787 961 801 1018 Ι
820 964 842 1021 L

297 1118 338 1177 Ut
352 1118 424 1176 intra
443 1113 512 1173 illul
526 1123 623 1187 tempus
629 1111 749 1189 facultas
762 1113 887 1192 exigendi
901 1114 1081 1190 obligationem
1094 1118 1222 1176 extiterit
1231 1116 1257 1193 J.

255 1190 444 1268 intelligenda
469 1190 508 1248 est
531 1191 592 1250 hnc
615 1190 752 1249 restrictio
776 1191 812 1247 de
832 1190 973 1262 ejusmodi
989 1195 1257 1264 conventionibus,

259 1269 363 1345 quibus
389 1265 544 1326 necessario
561 1266 735 1340 requiritur,
768 1279 800 1326 ut
822 1269 886 1340 quis
903 1279 1061 1339 pectorum
1079 1273 1259 1328 conventio·

258 1345 307 1404 uis
332 1356 444 1419 tempus
467 1343 524 1418 ipse
545 1341 730 1412 enituntur,
763 1346 879 1418 dequo
906 1359 970 1400 tum
993 1343 1257 1404 al-tero'conuenit.

256 1420 292 1480 Si
312 1421 387 1479 enim
403 1419 548 1478 conduilis
569 1434 595 1476 e.
612 1435 639 1494 g.
662 1418 692 1476 in
712 1435 816 1478 annum
837 1419 958 1484 edibus,
980 1417 1008 1475 iu
1029 1420 1089 1478 alio
1111 1421 1180 1479 loco
1194 1423 1255 1493 jam

257 1497 364 1555 morbo
386 1494 593 1561 decubuerim·‚
624 1496 663 1553 ita
682 1505 714 1552 ut
730 1512 781 1569 per
802 1507 894 1554 totum
915 1493 985 1551 illud
1008 1508 1118 1570 tempus
1143 1497 1257 1556 inhabi·

258 1581 320 1630 tare
335 1569 397 1630 istas
412 1571 486 1629 aedes
508 1585 568 1630 non
590 1570 717 1629 licuerit:
745 1573 785 1631 uri
807 1588 865 1629 non
885 1569 951 1628 ideo
974 1572 1091 1644 abrupta
1113 1570 1156 1633 est.
1178 1575 1257 1630 loca-

256 1648 320 1712 tio:
338 1649 377 1711 ita
390 1663 444 1709 nec
459 1646 510 1708 illo
527 1649 648 1708 obtentu
669 1645 805 1723 postulari
821 1646 947 1718 ejusdem
963 1649 1132 1724 prorogatio
1149 1649 1258 1727 potest.

580 1799 757 1862 carun
796 1800 930 1862 xvtt.

183 1961 188 1970 .
251 1958 267 2001 2³
710 1954 737 2028 5
775 1955 799 2014 Ι.
927 1937 931 1949 ’

254 2164 257 2168 1
295 2111 329 2171 ln
342 2111 374 2170 id
389 2110 496 2186 quilibet
515 2107 630 2184 obligari
644 2109 673 2166 in
680 2103 740 2185 foro
757 2107 865 2185 laruam
879 2109 1025 2188 conselati.
1063 2111 1121 2173 Iton
1143 2111 1171 2172 in
1191 2113 1255 2173 anl-

257 2203 308 2248 mo
320 2191 383 2262 quis
401 2187 546 2254 habuerit,
569 2194 597 2242 in
611 2187 680 2258 quid
695 2184 813 2245 ulterius
832 2186 887 2245 sele
902 2190 1048 2264 obligare,
1071 2204 1155 2263 quam
1170 2187 1255 2264 quod

254 2266 347 2322 verba
360 2261 513 2321 secundum
529 2262 631 2319 retiam
648 2258 723 2320 suam
739 2261 1005 2336 interpretttionem
1018 2259 1081 2336 'prae
1097 2260 1123 2322 se
1137 2262 1254 2323 ferunt:

255 2356 318 2399 non
345 2340 412 2398 ideo
435 2351 529 2396 tamen
552 2335 598 2394 uel
620 2337 647 2394 in
674 2336 741 2395 foro
767 2338 868 2397 divino
891 2340 1037 2416 praeliandi
1057 2340 1114 2404 hoc
1144 2339 1255 2414 ipsum,

254 2415 334 2490 quod
354 2412 484 2482 excedit,
506 2411 563 2470 ulla
585 2411 678 2472 existit
700 2413 862 2486 obligatio:
882 2419 989 2493 quippe
1005 2432 1069 2473 cum
1086 2418 1159 2475 circa
1177 2415 1253 2475 istud

254 2492 415 2563 acceptatio
445 2490 569 2548 deluerit
592 2489 707 2548 alterius
730 2493 839 2565 partis3
869 2510 933 2565 que
955 2492 1093 2551 internam
1118 2493 1253 2567 augurari

253 2569 358 2628 mentis
375 2566 591 2624 destinationem
608 2565 683 2623 haud
702 2571 807 2641 potuit.
854 2568 942 2626 Unde
964 2583 1021 2626 non
1038 2568 1195 2644 perspicio,
1221 2571 1252 2627 in

254 2660 342 2723 quern
356 2642 442 2704 finem
462 2643 536 2703 hanc
550 2640 734 2702 restrictionis
752 2643 874 2720 speciem
896 2644 1003 2704 Auttor
1018 2642 1084 2704 heic
1098 2643 1251 2718 adiecerit.

671 2797 696 2871 ι.
737 2797 826 2858 ιιι.

293 2955 420 3015 Votobola
437 2956 535 3011 ortuum
550 2950 704 3027 explicando
714 2949 781 3028 sarm
791 2949 960 3030 secundum}
996 2950 1058 3012 Ntfi
1078 2951 1120 3025 is,
1140 2950 1190 3027 qui
1208 2949 1252 3015 lo,-

255 3032 368 3106 quitur,
393 3045 456 3086 cum
484 3031 570 3097 arria,
597 3041 656 3086 turn
676 3030 884 3088 vocabulorum
908 3030 939 3089 srt
960 3029 1115 3102 imperitus.
1162 3033 1252 3091 Tunc

254 3108 331 3164 enim
348 3122 383 3163 ex
397 3105 533 3163 lermonis
549 3104 618 3162 serie
633 3103 733 3162 aliisve
749 3104 978 3176 circumstantiis,
995 3122 1080 3181 quern
1094 3105 1172 3167 forte
1189 3105 1252 3166 sen·

253 3182 312 3240 llum
329 3181 378 3239 ille
392 3181 523 3239 hahuerit
539 3182 567 3236 in
585 3183 696 3247 animo,
715 3180 897 3250 judicandum
914 3183 1009 3242 luerit.

252 3268 256 3276 ’
289 3257 369 3340 Quod
379 3256 407 3334 fi
421 3254 514 3331 ΕΜ.
536 3257 669 3315 Alienum
684 3273 700 3311 a
713 3256 860 3332 propolim
877 3257 918 3318 est
933 3259 990 3316 hoc
1005 3259 1157 3317 monitum.
1180 3259 1248 3319 Nec

255 3340 331 3396 enim
348 3336 414 3393 hele
430 3333 564 3409 quaerirur
582 3332 618 3390 de
639 3331 747 3403 modo,
767 3350 827 3408 quo
848 3334 926 3409 loqui
943 3335 1112 3404 conveniat,
1134 3347 1249 3411 utypro·

251 3417 345 3490 priam
361 3412 424 3487 quia
448 3409 626 3469 voluntatem
643 3408 754 3484 liquido
774 3408 934 3484 fignificet:
964 3411 1010 3468 sed
1028 3417 1137 3470 tantum
1152 3411 1189 3470 de
1206 3406 1249 3469 r'e·

252 3490 345 3563 gulis,
377 3489 479 3562 quibus
503 3485 539 3543 de
564 3486 678 3546 alterius
698 3488 812 3554 mente,
834 3487 880 3545 ubi
903 3504 936 3544 ea
955 3487 1100 3544 obscurius
1117 3488 1247 3558 expreffa

167 3558 171 3566 ’
252 3566 340 3625 luerit
352 3609 363 3643 Ι,
388 3563 517 3642 conllurc
536 3576 642 3639 queat;
668 3576 766 3639 prout·
780 3561 849 3622 illud
866 3561 902 3621 ad
923 3561 1005 3640 Opus
1022 3563 1122 3635 Maius
1144 3561 1185 3623 est
1199 3566 1248 3625 ad·

251 3652 396 3703 notatum.
1125 3652 1127 3656 ·

700 3797 726 3871 d.
764 3796 801 3857 V.

289 3950 432 4011 Secundum
436 3946 595 4027 sulsitatem
608 3952 776 4034 materiam}
807 3953 854 4012 Sic
870 3955 889 4012 ti
904 3953 979 4014 inirae
996 3955 1070 4012 inter
1085 3951 1157 4011 duos
1171 3953 1247 4012 Prn-

174 4067 177 4072 -
252 4024 341 4086 feilos
361 4029 480 4086 bellicos
502 4027 620 4086 inducite
640 4030 783 4104 quindecim
804 4031 905 4088 dierum
923 4031 1044 4096 fuerint,
1067 4029 1180 4094 testatur
1197 4034 1246 4089 ab

251 4102 328 4159 unde
349 4104 405 4172 ipsa
425 4105 604 4163 induciarum
625 4109 764 4176 materia,
793 4106 965 4166 intelletlum
990 4107 1045 4165 elle
1062 4123 1113 4182 per
1141 4123 1244 4164 vocem

250 4176 303 4234 lter·
325 4179 459 4255 'spatium
495 4197 543 4254 24.
571 4183 705 4240 horarum
731 4184 901 4257 equalium,
928 4186 1018 4242 noilis
1041 4182 1245 4251 durationem,

250 4265 330 4328 reque
352 4269 383 4310 oc
403 4256 599 4317 moram‘lolis
623 4259 702 4331 supra
726 4260 917 4321 Horizonrem
940 4259 1141 4333 complectens.
1183 4260 1245 4323 Un-

246 4326 284 4393 de
304 4328 409 4392 frivola
429 4330 517 4392 fuerit
542 4333 718 4410 cavillatio,
753 4337 791 4399 li.
809 4353 870 4402 non
891 4338 1021 4408 obstante
1045 4335 1245 4468 conventione

249 4420 254 4430 '
298 4444 304 4455 ι
1173 4425 1248 4472 ater
