3034 5509
303 606 363 713 in
395 631 496 708 Stin.
527 628 809 710 Pornnnoue.
843 625 937 708 Lrn.
958 625 987 705 1.
1068 636 1152 726 929

143 821 320 885 quocunque
335 807 450 868 demunt
466 808 561 869 medio
579 807 643 865 usus
663 807 767 874 suerit,
789 817 877 882 atque
894 808 938 866 vel
962 807 1070 866 lubenti
1088 799 1138 866 vel

147 887 303 946 relustante
320 888 558 959 animo-patrator
574 885 672 943 sesea'd
683 884 711 942 id
726 885 953 958 moverit‚quod
970 883 1018 956 ipsr
1031 885 1139 944 aliasln

143 977 269 1023 mentem
282 980 343 1021 nen
359 963 492 1030 venisset,
514 976 562 1020 aut
583 962 640 1032 ipse
656 960 775 1034 adgredi
790 979 849 1019 non
874 961 1049 1020 sustinuisset.
1089 963 1136 1020 Ita

139 1038 250 1098 Pilatus
277 1039 376 1097 mortis
402 1040 530 1097 Currant
550 1037 628 1113 causo
648 1049 757 1096 tantum
781 1043 870 1096 minus
889 1041 1045 1112 principalis
1059 1035 1132 1097 suite

119 1155 121 1159 ι
164 1118 230 1174 vide
248 1119 381 1176 Manna.
403 1129 460 1188 cap.
482 1114 603 1174 XXVII.
626 1128 671 1185 an.
681 1115 752 1191 seqq.
774 1115 864 1190 Jorn.
885 1127 941 1189 cap.
963 1114 1041 1174 XIX.
1065 1119 1133 1188 11.)

140 1115 239 1272 §uici
259 1210 329 1250 vero
353 1190 483 1261 ejusdem
502 1208 559 1249 non
584 1192 677 1248 minus
698 1189 776 1268 euerso
793 1194 965 1265 principalis,
985 1209 1019 1248 ac
1038 1190 1135 1250 Dauid

144 1269 226 1328 caedis
245 1271 318 1327 Uria
338 1269 392 1340 (11.
403 1267 480 1326 Sana.
500 1281 555 1342 cup.
570 1266 643 1341 XI.)
664 1265 819 1346 &Jezolel
834 1268 1019 1341 oppressionis
1033 1269 1135 1326 Nnbo⁴

139 1347 197 1414 chi,
219 1347 352 1405 nullae.
372 1355 428 1415 cap.
443 1344 521 1402 XXI.
544 1344 664 1412 Clerici,
685 1346 735 1418 qui
756 1345 899 1419 principes
914 1362 967 1420 pro
982 1342 1134 1402 austorita·
1237 1411 1240 1416 p

85 1488 87 1493 ,
137 1432 183 1492 te,
202 1437 257 1496 qua
274 1420 349 1497 apud
373 1419 447 1496 ipsos
468 1421 597 1496 pollent,
619 1419 655 1478 ad
675 1419 821 1478 vexandos
847 1436 915 1489 eos,
935 1422 985 1497 qui
1008 1424 1133 1480 eandem

134 1513 202 1564 ‚cum
219 1497 281 1569 ipsis
304 1497 388 1556 fidem
404 1510 462 1554 non
478 1497 667 1570 profitentur,
695 1509 832 1564 movent,
860 1498 941 1555 causa
967 1497 1134 1573 principalia

136 1576 257 1634 omnino
272 1575 334 1634 sunt
352 1572 493 1645 ejusmodi
508 1574 712 1640 vexationum,
734 1585 767 1631 ut
782 1571 809 1631 dc
831 1570 957 1642 sunone,
979 1590 1038 1649 quo
1057 1575 1135 1632 abri·

136 1652 216 1726 pitur
236 1666 316 1710 coeco
336 1653 446 1724 impetu
466 1648 566 1786 vulfus
588 1648 722 1715 adversus
742 1651 891 1719 homines,
921 1652 1054 1725 quoruml
1070 1652 1135 1726 opi·
1205 1686 1207 1690 ι

133 1728 256 1858 niclines,
269 1729 360 1797 bene,
373 1743 410 1785 an
426 1725 499 1784 male
527 1743 542 1784 e
558 1727 699 1796 habeant,
716 1727 875 1800 dijudicare
889 1727 966 1786 haud
978 1729 1134 1804 quicquam

134 1815 173 1860 va
186 1817 225 1862 et.
770 1822 777 1834 ⁴

170 1880 231 1938 Aur
244 1879 401 1958 adfacinus
418 1877 599 1955 patrandum]
620 1878 659 1939 Hi
674 1877 785 1938 facinus
797 1894 858 1938 non
881 1877 995 1940 luissent
1009 1894 1135 1957 patratu·

134 1955 179 2026 ri,
199 1955 249 2014 nifi
269 1957 454 2016 mandavisset
474 1958 562 2026 alter,
583 1969 631 2016 aut
652 1955 831 2016 conduxisset
844 1957 911 2016 data
935 1958 982 2017 vel
998 1961 1136 2034 promisse

135 2032 278 2093 mercede.
317 2034 390 2094 Sunt
412 2036 508 2111 itaque
532 2031 620 2093 cause
642 2033 832 2108 principales,
865 2049 925 2092 non
952 2051 1023 2094 vero
1043 2039 1132 2097 cause

135 2120 246 2169 tantum
268 2110 456 2170 collaterales.
500 2113 544 2172 Ut
564 2115 660 2169 autern
688 2107 862 2185 intelligatur
881 2113 1035 2183 brevibus,
1068 2128 1134 2190 quae

132 2188 264 2262 exempla
281 2188 317 2245 ad
331 2187 481 2246 secundam
495 2189 571 2246 hanc
586 2186 697 2246 classem
711 2189 890 2262 pertineant:
905 2191 1061 2248 tenendum
1071 2191 1133 2261 eil,

133 2280 186 2322 eos
201 2280 318 2334 omnen,
341 2265 391 2338 qui
406 2281 457 2339 per
482 2263 722 2341 conspirationem
741 2279 806 2322 cum
825 2263 939 2321 auilore
961 2266 1132 2326 immediato

133 2340 254 2399 allionis
269 2356 555 2416 agunt‚quacvnque
569 2338 682 2398 demum
697 2340 809 2398 ratione
825 2354 862 2396 eo
876 2339 1042 2400 conserant:
1060 2344 1133 2402 item

132 2420 185 2491 qui
207 2419 278 2474 citra
296 2417 474 2491 ⁴peculiarem
498 2415 740 2491 conspirationem
764 2414 859 2474 eidem
887 2419 982 2488 agenti
1009 2417 1132 2493 ailquod

130 2493 261 2552 medium
278 2504 327 2550 aut
344 2491 496 2563 auxilium,
516 2491 595 2568 quod
617 2492 733 2552 aliunde
757 2492 843 2550 etiam
865 2493 999 2566 consequi
1020 2497 1132 2563 potuis·

131 2570 193 2639 set,
215 2567 502 2645 suppeditantem,
530 2572 664 2644 inquam,
685 2586 785 2628 omues
810 2565 971 2628 censendos
990 2565 1047 2629 else
1063 2586 1134 2632 cau·v

132 2647 177 2707 sas
192 2646 390 2718 collateralem
410 2646 467 2705 five
481 2645 589 2706 lucrum
607 2664 642 2707 er
662 2644 751 2716 facto,
780 2645 817 2704 ad
830 2645 911 2720 quod
932 2661 1132 2723 concurrunt,

131 2726 263 2798 capiant3
282 2724 337 2783 sive
352 2727 454 2785 minus.
494 2724 565 2783 Sola
577 2725 791 2800 conspiratione
805 2721 836 2782 fit
851 2722 914 2797 quis
940 2724 1022 2782 causa
1041 2725 1131 2786 colla·

130 2801 246 2870 teralis;
265 2800 375 2860 tametsi
390 2800 511 2876 positive
529 2799 721 2862 adatlionenr
737 2799 853 2858 alterius
878 2816 996 2874 parum,
1023 2803 1069 2861 vel
1087 2814 1133 2863 et·
1225 2855 1230 2862 .

131 2880 192 2936 ianr
205 2877 276 2936 nihil
291 2877 446 2938 conferret.
486 2879 600 2956 Nempe
615 2879 693 2952 quod
715 2877 780 2935 talis
802 2877 944 2936 interdum
961 2877 1036 2936 nihil
1053 2881 1135 2956 ipse,

128 2955 180 3012 vel
197 2972 294 3028 parurn
309 2955 411 3025 saciat,
432 2954 500 3013 inde
515 2956 570 3019 est.
591 2954 671 3030 quod
692 2955 754 3031 plus
775 2969 834 3011 non
849 2952 988 3032 videatur
1008 2960 1134 3032 requitie

131 3031 171 3090 ad
186 3031 371 3108 prestandum
388 3032 529 3106 multum,
549 3032 569 3090 sr
592 3051 635 3091 res
652 3035 765 3100 tulerit,
785 3043 901 3104 paratus
924 3034 1044 3091 omniuo
1068 3034 1131 3098 este

129 3109 221 3167 altum
239 3110 330 3168 servat
347 3109 502 3177 siendum,
523 3126 577 3167 nec
593 3112 747 3174 aaronem,
771 3121 910 3183 quantum
927 3110 955 3165 in
971 3110 998 3168 se
1010 3109 1132 3178 ell‚im·

129 3185 230 3263 pedit:
249 3189 307 3244 hoc
329 3183 446 3256 sufficit,
469 3198 502 3244 ut
520 3190 582 3261 quis
599 3188 709 3247 censeri·
723 3185 829 3244 debeat
843 3201 908 3242 cutn
928 3203 986 3254 eo,
1009 3189 1126 3259 quicum

128 3264 190 3322 fine
202 3263 318 3337 quidem
334 3281 366 3320 ac
382 3262 500 3321 consilio
515 3267 612 3324 unitus
626 3264 682 3331 eil,
702 3264 862 3336 cooperari.
899 3262 947 3320 Sic
958 3269 1036 3319 necis
1053 3262 1128 3321 Divi

130 3340 258 3412 Stephani
274 3338 301 3397 de
320 3339 432 3406 Saulus,
455 3339 548 3399 custos
571 3339 771 3399 tantummodo
792 3337 911 3396 vestium
935 3354 1056 3407 eorum,
1075 3334 1131 3413 qui

135 3417 226 3495 ipsum
242 3415 381 3487 lapidibus
396 3419 556 3474 obruebant
570 3417 582 3488 ,’
601 3434 665 3473 reus
682 3417 746 3473 suit.

173 3491 231 3570 Qus
250 3490 586 3567 adjuvant]ltaquidem,
608 3488 786 3550 fidealiende
804 3487 934 3559 adiuvari
950 3501 1062 3564 patrans
1075 3503 1129 3564 po·

131 3579 226 3630 terat:
241 3579 272 3624 ut
291 3566 388 3643 liquis
403 3568 516 3641 publice
538 3567 662 3626 tabularu
686 3569 817 3626 lusoriam
836 3567 974 3625 urinillret
994 3569 1022 3625 in
1038 3569 1130 3641 urbe,

131 3663 190 3720 qua
206 3644 286 3719 plura
300 3645 553 3715 parentaleatoria.
575 3647 681 3703 Verum
698 3644 716 3702 sr
732 3647 794 3720 quis
806 3646 904 3715 juveni
922 3649 950 3702 in
965 3647 1130 3706 mercedem

131 3719 309 3782 illecebrose
321 3723 403 3792 juxta
418 3739 451 3779 ac
470 3739 560 3780 avarae
576 3724 747 3788 meretricis,
770 3723 838 3780 alias
853 3723 881 3778 in
897 3725 957 3793 eius
978 3720 1130 3786 libidinem

131 3815 194 3859 non
209 3798 399 3864 consensum,
421 3801 587 3873 pecuniam,
608 3817 692 3873 quam
711 3800 840 3857 obtinere
863 3800 885 3855 is
904 3800 970 3858 alibi
994 3815 1053 3856 non
1079 3804 1129 3857 vai

131 3877 226 3945 lebat,
249 3888 350 3936 mutuo
378 3875 443 3933 det:
477 3878 524 3935 hic
546 3875 670 3934 creditor
695 3875 759 3932 sane
781 3875 899 3932 luxuria
925 3876 998 3933 illius
1013 3879 1128 3945 juvenis

133 3952 215 4011 causa
231 3952 396 4028 principalis
408 3951 503 4012 fuerit,
544 3956 613 4014 Haec
630 3952 770 4010 distinctio
784 3950 820 4007 ad
842 3950 962 4024 plurima
982 3953 1131 4026 exempla,

132 4031 254 4090 cuilibet
270 4032 346 4090 ultro
364 4029 569 4106 concipienda,
591 4031 727 4106 adplicari
745 4027 822 4086 sacili
838 4032 958 4095 negotio
972 4029 1088 4102 poterit.

174 4106 234 4186 Qui
252 4125 310 4166 cam
325 4120 395 4180 opem
404 4105 481 4185 ferre
496 4108 623 4183 injuriant
637 4109 748 4180 potienti
760 4101 860 4181 peffent
876 4102 913 4174 δ’
930 4103 1068 4181 delerent]
1082 4102 1130 4165 Aa

131 4186 255 4263 primam
275 4185 385 4243 classem
405 4183 586 4243 referendum
611 4183 665 4244 elle
690 4187 746 4242 hoc
767 4182 951 4256 exemplum,
972 4197 1008 4241 er
1021 4185 1127 4259 princi·

136 4260 198 4339 plis
212 4258 291 4334 supra
311 4260 454 4320 adstrutlis
469 4262 609 4336 liquidum
626 4261 675 4320 est,
1085 4257 1088 4261 ’
1112 4276 1114 4280 ’

175 4333 235 4423 Qvi
259 4334 415 4420 confilium]
436 4339 568 4416 Scilicet,
594 4357 659 4404 cnm
681 4336 743 4485 (Εἰς
766 4332 873 4400 suadet.
895 4355 920 4398 e.
940 4350 967 4413 ε.
989 4332 1133 4474 benenaz

160 4440 171 4467 Ι
542 4429 544 4435 ’
723 4430 769 4478 nn
1056 4428 1066 4472 i
1088 4426 1103 4467 d
