3034 5509
294 648 384 709 corr
410 625 745 708 nutrirent.
773 625 835 725 Jo.
859 624 1087 702 ssrrrrrt.
1140 623 1235 718 1003

238 809 276 874 lo
291 804 449 891 superiore
468 803 572 869 valida
589 802 737 870 reddatur
752 801 916 886 obligatio.
950 799 1030 897 Quo
1050 817 1237 884 argumento

239 892 371 955 nimium
387 887 549 964 efficient,
571 901 606 950 ut
625 883 747 950 scilicet
767 903 826 949 nec
846 883 1002 950 consensu
1023 884 1053 949 dt
1069 884 1168 965 pastis
1184 884 1241 947 ho·

241 973 343 1038 mines
369 968 561 1052 superiorem
584 966 639 1032 sibi
668 965 863 1037 constituere
883 965 1025 1050 poliiut3
1048 966 1138 1049 ctrina
1161 982 1239 1031 con·

246 1056 375 1120 tratium
390 1046 574 1133 tumetipse
589 1048 744 1114 Henetus
758 1049 903 1133 agnovit.

280 1233 338 1310 Qui
353 1233 401 1308 jus
415 1233 535 1307 gentium
559 1233 764 1300 rationarium,
785 1230 939 1302 Anonymo
962 1245 1025 1289 cunt
1048 1229 1135 1305 vulgo
1152 1229 1239 1305 Jurls·

244 1308 438 1368 consultorum
458 1307 695 1367 scholasticorum
717 1306 908 1379 adoptarum,
929 1304 1073 1364 &metito
1091 1307 1240 1376 rejiciunt,
1260 1310 1264 1315 '

244 1403 278 1442 ea
291 1401 348 1441 non
365 1383 491 1440 nituntur
507 1384 636 1449 ratione,
664 1383 744 1454 quod
758 1396 875 1456 gentes,
897 1382 963 1456 quia
986 1380 1053 1440 destt
1078 1381 1238 1439 communis

244 1460 391 1533 superior,
403 1457 507 1517 nullam
522 1460 595 1516 inter
609 1456 637 1516 se
654 1456 776 1516 validam
793 1457 864 1516 inite
878 1456 1101 1514 conventionem
1119 1454 1239 1530 potunt:

244 1534 291 1592 seo'
308 1536 454 1601 adserunt,
476 1547 562 1606 prout
576 1550 674 1592 uerum
688 1535 805 1608 quidem
823 1532 880 1602 est,
902 1530 965 1589 ilias
986 1535 1163 1590 conventiones
1178 1548 1239 1590 non

191 1670 204 1693 ,
245 1609 301 1666 elle
316 1612 403 1682 leges,
411 1612 526 1683 proprie
543 1609 578 1667 fic
591 1609 771 1681 didius,quia
785 1609 858 1667 inter
873 1625 954 1683 pates
969 1607 1127 1674 trundum
1144 1627 1158 1664 a
1162 1601 1241 1683 Jupe·

244 1688 310 1742 tiore
324 1687 368 1742 lert
382 1684 474 1742 omnis
487 1683 688 1758 proficiscatur.
710 1684 899 1745 Contendunt
909 1685 1097 1758 porro,(nee
1114 1683 1239 1742 ostendit

244 1765 413 1836 quisquam,
433 1773 480 1817 aur
500 1759 658 1818 oilensutua
674 1760 713 1817 eil
735 1764 929 1834 contrarium)
949 1775 1007 1819 non
1026 1759 1134 1818 exstare
1152 1775 1239 1835 gene·

244 1837 332 1894 talem
361 1835 488 1894 omniurn
512 1835 641 1910 gentium
667 1837 892 1895 conventionem
911 1837 984 1894 circa
1007 1853 1052 1896 res
1073 1834 1134 1893 illas
1157 1850 1237 1893 mete

209 1924 212 1931 '
244 1913 423 1978 arbitrarius,
442 1928 511 1983 quas
535 1913 677 1970 moderari
692 1909 864 1986 suppositum
888 1912 958 1972 illud
976 1912 1020 1982 jus
1042 1917 1170 1986 geutlum
1189 1908 1238 1968 de·

244 1989 346 2046 buerit.
386 1987 416 2047 Si
432 1989 489 2045 ulla
509 1985 592 2047 subsit
613 1987 750 2061 obligatio
775 1987 885 2046 ratione
913 2001 1145 2067 momentorum,
1173 2003 1236 2060 que

243 2079 280 2121 eo
296 2064 471 2130 reseruntur,
491 2062 600 2121 &vete
623 2063 770 2122 arbitraria
786 2063 868 2121 sunt:
890 2061 1007 2141 (aliqua
1032 2063 1107 2122 euim
1135 2066 1236 2122 eorum

244 2137 384 2215 capitum,
406 2156 468 2213 quae
488 2138 530 2196 isti
553 2137 678 2197 0enriion
697 2138 752 2210 iuri
776 2138 988 2210 adscribuntur,
1007 2136 1122 2198 fundata
1137 2141 1236 2212 depre-

243 2213 405 2272 henduntur
419 2215 448 2271 in
468 2214 529 2286 ipso
545 2184 612 2287 sure
632 2215 668 2286 (o
677 2214 692 2280 )
709 2216 847 2279 Nature,
874 2213 1006 2286 adeoque
1027 2213 1153 2284 gentium
1170 2230 1236 2272 con·
1249 2213 1291 2275 (a)
1309 2218 1374 2270 Vide

243 2288 321 2346 seusu
337 2303 396 2344 non
411 2287 560 2362 indigent)
580 2285 620 2351 si,
643 2289 778 2361 inquam,
798 2289 911 2347 ratione
933 2302 1146 2347 momentorum
1169 2305 1235 2346 vere
1247 2282 1309 2359 JgN·
1322 2286 1393 2342 &G-

241 2363 453 2420 arbitrariorurn
468 2360 525 2419 ulla
542 2361 680 2433 obligatio
700 2361 799 2421 subsit:
820 2361 981 2432 inde,meo
994 2363 1120 2432 jndicio,
1133 2363 1233 2432 suerit,
1246 2345 1346 2401 1.qu

240 2439 339 2511 quod,
359 2454 425 2495 cum
441 2439 516 2510 apud
531 2436 682 2512 plerosque
698 2437 822 2512 populor
838 2477 848 2505 ‚
864 2439 934 2496 citra
954 2437 1042 2495 ullum
1059 2438 1174 2513 quidem
1188 2457 1231 2511 ge·
1246 2421 1334 2532 ᾗῇ·
1375 2469 1377 2473 -

241 2513 337 2570 tretale
359 2515 506 2572 intereos
528 2513 662 2585 padum,
689 2512 753 2571 nsua
775 2511 876 2571 eadern
896 2511 992 2572 sensim
1022 2514 1233 2585 introduxerit,

238 2591 306 2649 binc
322 2589 466 2648 censeatur
481 2592 560 2664 quis,
581 2605 614 2644 tc
631 2588 739 2647 ceose'ri
758 2587 843 2663 poffit
858 2588 932 2646 velie
955 2589 984 2647 se
1011 2605 1048 2647 eo
1072 2605 1236 2650 accommo-

243 2665 342 2733 date,
370 2665 418 2722 ubi
447 2666 573 2740 suscepto
598 2661 678 2737 super
699 2663 794 2738 aliqua
812 2663 951 2734 ejusmodi
972 2681 1004 2724 re
1029 2669 1150 2740 negorio
1176 2683 1237 2728 non

241 2740 389 2801 mattiselle
410 2739 619 2807 declaraverit,
637 2741 717 2800 nolle
737 2739 764 2796 se
785 2751 927 2813 receptam
946 2740 1179 2801 consuetudinem
1197 2741 1235 2801 se·

240 2818 305 2890 qui,
325 2817 414 2892 quod·
429 2816 544 2892 quidem
567 2816 734 2891 uuicuique¹
750 2813 790 2871 eli
814 2817 962 2890 integrum.
1009 2819 1080 2876 Hec
1102 2817 1236 2879 observa·

240 2896 302 2960 tio,
324 2895 401 2964 cuius
417 2894 446 2952 in
463 2895 539 2950 noris
554 2889 625 2950 meir
640 2892 675 2949 ad
694 2893 846 2950 Gtrortuat
861 2892 994 2965 frequens
1014 2892 1167 2967 triplicatio
1191 2897 1231 2952 vl·
1257 2935 1260 2942 ·

240 2969 377 3036 debitur,
400 2968 561 3026 evertendis
586 2965 728 3028 santorum
744 2967 813 3040 iuris
832 2969 960 3043 gentium
980 2969 1133 3032 voluntarii
1146 2972 1233 3033 maai·

239 3062 287 3104 me
307 3043 435 3120 speciofis
453 3043 624 3119 argumentis
641 3043 786 3106 inserviet.

279 3217 430 3313 *§.‚Xv.
452 3211 607 3312 Equidem
626 3214 749 3290 medela
764 3216 866 3303 aliqua
880 3219 1008 3288 videtur
1021 3219 1138 3288 adferri
1153 3241 1227 3303 pon·

241 3300 273 3368 se
291 3302 367 3367 burc
386 3301 538 3367 dosittuae
588 3300 814 3369 considerando
840 3298 948 3366 Deum
969 3304 1060 3366 velut
1083 3306 1228 3371 omniunt

239 3380 449 3464 superiorem:
473 3350 559 3462 quod
574 3388 671 3447 eriam
687 3382 817 3448 subinde
833 3380 870 3444 fit
885 3381 924 3446 ab
943 3382 1093 3448 Auctore.
1128 3381 1229 3454 Nem·

240 3483 283 3548 pe
301 3463 387 3527 dicet
407 3463 538 3548 aliquis,
563 3463 679 3547 dogna
706 3459 867 3531 offendere
888 3477 1013 3530 tautum
1037 3460 1143 3548 specie
1158 3487 1227 3550 pra·

241 3545 372 3611 vitatis·
391 3544 415 3610 fi
431 3563 508 3610 veto
524 3543 713 3628 profundius
727 3543 946 3629 introspiciat,
969 3545 1051 3612 nibil
1075 3550 1149 3614 mali
1171 3550 1227 3615 de-

236 3589 410 3717 prehendit
438 3644 534 3721 quum
566 3625 663 3693 semet
683 3627 843 3715 corrigat,
868 3627 899 3693 dt
923 3626 1097 3697 temedium
1120 3630 1230 3699 secum

239 3708 324 3776 setar
334 3730 346 3785 ,-
369 3728 517 3795 quomam
533 3707 630 3777 status
646 3708 709 3777 stne
726 3696 884 3795 superiore
899 3707 941 3779 fin
967 3711 974 3723 ‘
993 3713 1119 3798 quidem
1132 3713 1229 3797 polite

240 3792 375 3860 docendi
395 3793 513 3876 gratia,
533 3791 670 3859 existere
694 3809 877 3862 autemnon
893 3812 936 3876 po
960 3809 1005 3874 tt,
1022 3795 1230 3879 quodomnea

233 3895 297 3961 ,pet
315 3890 456 3942 naturam
474 3872 547 3941 Deo
559 3875 739 3941 subdantur.
772 3873 819 3940 lta
834 3874 896 3957 iam
914 3875 945 3940 dc
962 3876 1050 3957 pacta
1064 3877 1233 3948 hominurn

240 3959 454 4055 superiorem,
474 3954 690 4025 &consensus
701 3955 904 4103 gentiunthus
924 3950 1063 4052 facient,
1086 3954 1161 4044 Deo
1174 3979 1229 4044 pa·

243 4040 301 4104 dits
316 4040 514 4109 valtdrratem
531 4039 703 4126 praebente.
729 4038 836 4120 Atque
878 4057 918 4105 oc
934 4040 1117 4127 quidemde
1132 4040 1229 4128 Deo,
1315 4082 1318 4086 -

243 4137 353 4189 nuuta
370 4122 512 4190 omnium
532 4124 711 4204 superiore,
732 4118 922 4186 veriffimum
944 4119 993 4190 est
1006 4128 1027 4191 ε’
1044 4125 1097 4193 sed
1121 4141 1228 4195 tamen

236 4203 305 4290 ‘ipsa
324 4221 379 4284 pet
399 4205 430 4271 se
448 4205 591 4274 doctrina
611 4202 787 4270 offensione
801 4218 893 4284 atque
913 4220 1021 4271 errore
1041 4226 1106 4279 nort
1121 4224 1230 4289 caret,

240 4301 312 4380 que
327 4285 420 4369 babet
437 4335 450 4376 ,
467 4290 518 4376 jur
535 4291 670 4388 decrero
685 4283 973 4374 superoriauasc15
996 4304 1159 4381 utcunque
1173 4306 1229 4439 fx·

1129 4390 1171 4440 cu
1185 4390 1235 4454 ea,

1114 4599 1127 4635 l
