3034 5509
247 638 353 709 (000
400 631 1128 711 Errsrotictusonrt.Anournt

256 822 324 874 rum
334 807 477 874 doslrina
486 805 551 872 fuit
558 853 570 886 ,
583 807 669 874 Deos
678 806 740 872 elle
754 804 924 872 imitandos
932 811 953 876 εἱ
961 801 1034 869 Diis
1049 782 1259 869 offerendum

300 950 378 1035 (1)
401 948 588 1048 Compofitttm
601 952 653 1049 jur
660 951 773 1035 fasque
791 953 885 1014 animi
896 995 906 1027 ,
912 949 1085 1034 sensimque
1106 942 1235 1028 rectffus

397 1034 535 1113 Meritis,
559 1032 596 1106 sil
614 1033 756 1099 turudum
771 1030 905 1120 generoso
917 1033 1018 1116 petius
1035 1027 1163 1115 bonosio.

303 1177 420 1260 Neque
444 1175 669 1261 philosopho,
695 1178 747 1244 sed
772 1175 1003 1261 Jurisconsulto
1027 1177 1116 1243 civili
1142 1173 1261 1240 tribuit

262 1261 416 1341 Crcerto,
439 1263 576 1327 externis
607 1278 793 1327 contentum
815 1260 900 1326 elle:
931 1261 1016 1343 teges
1042 1260 1128 1323 enim
1161 1259 1264 1321 docet

262 1363 395 1422 curare,
415 1361 486 1425 quae
516 1362 608 1408 manu
632 1343 731 1409 teneri
754 1343 904 1428 pollont3
925 1341 1166 1424 Philosophos,
1189 1357 1262 1421 quae

265 1428 392 1493 ratione
426 1428 456 1491 bt
489 1425 711 1511 intelligentia.
776 1427 906 1491 Adeone
934 1425 1138 1508 degenerabit
1175 1421 1263 1506 apud

175 1534 178 1539 ·
267 1505 448 1590 Christianos
471 1506 693 1590 Philosophia,
717 1527 809 1592 quam
827 1508 955 1574 Etbm‘ri
977 1524 1039 1572 tam
1065 1503 1263 1598 santiam&

221 1638 226 1650 .
264 1592 446 1680 generosam
472 1592 642 1656 habuere?
670 1590 723 1656 De
747 1593 878 1658 laxitate
904 1591 1138 1655 Aursrorttrs
1163 1586 1264 1653 multi

262 1693 408 1742 veterum
424 1672 525 1755 questi
545 1673 633 1739 sunt:
654 1674 708 1740 ille
728 1675 791 1758 ipse
811 1691 914 1739 tamen
931 1673 1026 1755 longe
1045 1672 1139 1739 altius
1164 1668 1265 1736 surre-

265 1761 338 1835 xit,
358 1775 429 1821 eum
454 1776 491 1820 ue
514 1754 629 1822 scholar
651 1757 735 1822 reste
760 1758 812 1821 hic
837 1757 908 1823 sunt
929 1751 1070 1819 securae„
1101 1753 1264 1818 Praeclare

267 1841 353 1905 enim
374 1775 567 1920 Aristotelea
590 1838 792 1924 Philosophia
815 1840 852 1903 ad
877 1835 1027 1919 justitiam
1051 1833 1266 1903 universalem

266 1941 378 1987 omnes
395 1921 492 1985 refert
508 1923 665 1997 virtutes3
686 1921 898 2003 debemusque
921 1936 986 1984 non
1008 1921 1100 1986 nobis
1117 1935 1265 1992 tantum,

266 2002 319 2069 sed
337 2004 368 2067 dt
386 2000 551 2077 societati,
572 2003 663 2084 eique
680 2003 833 2081 maxime,
851 2021 943 2083 quarn
966 2020 1038 2065 cum
1055 2002 1149 2079 Deo,
1172 2016 1265 2064 natu·

266 2087 325 2150 tali
351 2086 420 2169 lege
443 2083 592 2150 cordibus
609 2084 786 2171 inscripta,
810 2086 967 2160 colimus,
989 2097 1025 2146 ut
1046 2085 1186 2149 animum
1211 2081 1264 2144 ha-

266 2167 393 2234 beamus
422 2168 506 2230 voris
534 2166 691 2234 imbutum
716 2169 905 2247 sententiis,
940 2168 1204 2251 voluntatemque
1226 2163 1265 2228 ad

266 2251 350 2317 reeta
369 2248 548 2317 constanter
564 2252 755 2318 tendentem.

306 2419 420 2492 Singula
442 2416 490 2474 isla
507 2417 579 2474 male
595 2416 731 2491 adplicata
747 2421 867 2494 pariter,
890 2437 923 2476 ac
942 2416 1063 2476 trivialia
1076 2415 1153 2485 srrrrr,
1175 2430 1264 2492 atque

270 2494 367 2565 stipata
390 2494 498 2566 semiper
521 2484 578 2550 acii
600 2494 718 2568 quadum
736 2497 956 2566 objurgatione,
985 2495 1068 2549 unice
1091 2495 1210 2553 fundato
1236 2501 1264 2553 in

268 2571 335 2629 falsa
351 2569 499 2644 hypothesi
507 2615 514 2633 .
536 2586 619 2641 quam
636 2573 759 2642 superius
784 2573 979 2630 indicavimus.
1002 2571 1078 2627 Nutu
1095 2573 1205 2628 oblitus
1225 2572 1264 2627 esi

267 2649 456 2719 ononymos,
471 2646 619 2704 lluiiorenr
635 2648 726 2721 capite
737 2650 767 2705 dt
777 2645 880 2721 Officiis
888 2649 997 2706 hominis
1011 2666 1073 2722 ergo
1081 2646 1114 2725 se
1126 2650 1224 2722 ipjttm,
1235 2648 1262 2703 in

271 2739 309 2781 eo
330 2722 500 2793 potissimum
523 2724 673 2796 occupari,
693 2737 724 2780 ut
752 2727 898 2792 ostendar,
920 2742 974 2796 qua
1004 2725 1114 2779 ratione
1140 2741 1178 2782 ex
1202 2725 1264 2795 lege

269 2799 388 2856 naturali
405 2798 525 2870 quilibet
547 2797 697 2856 sorurando
719 2802 815 2856 animo
834 2818 867 2857 ac
883 2801 1038 2869 voluntati,
1059 2799 1109 2857 illo
1131 2801 1209 2857 verit
1232 2813 1264 2855 ae

270 2874 385 2933 utilibus
404 2875 512 2931 notitiis
529 2875 637 2932 imbuto
653 2919 658 2933 .
673 2876 756 2947 hujus
772 2894 841 2932 vero
865 2878 918 2933 rite
940 2879 1101 2951 temperatis
1118 2879 1264 2944 motibus,

271 2950 437 3006 adlaborare
454 2951 604 3007 terreatur?
623 2952 705 3008 Haud
721 2954 747 3008 in
764 2953 888 3024 genuino
906 2953 955 3008 suo
972 2952 1048 3011 sensu
1065 2953 1147 3015 heic,
1163 2952 1265 3026 spesin-

270 3038 329 3082 tum
341 3025 503 3084 Crcanorvts
532 3024 710 3098 (nomon
730 3031 848 3101 capitur.
888 3029 929 3084 Ibi
952 3033 1027 3086 eninr
1059 3045 1113 3085 nec
1136 3028 1174 3084 de
1201 3028 1266 3086 asli·

269 3103 323 3160 bus
339 3117 415 3158 mere
433 3102 549 3160 internis
565 3104 713 3176 queritur,
735 3121 789 3161 nec
810 3106 845 3161 de
867 3107 1021 3163 actionibus
1047 3106 1265 3174 exterioribus,

271 3176 476 3244 confideretis,
505 3193 643 3247 orratenur
669 3199 683 3235 a
714 3183 787 3237 bona
808 3180 988 3254 dispositione
1002 3184 1005 3190 '
1020 3182 1127 3238 interna
1150 3183 1266 3252 prosici-

271 3252 400 3317 scutrtnr,
422 3267 469 3310 nut
486 3259 598 3312 rrimus:
622 3255 665 3315 sed
681 3268 787 3314 tantum
812 3257 849 3312 de
871 3258 1026 3316 laefionibus
1045 3271 1092 3313 aut
1117 3256 1266 3317 fraudibus

271 3331 663 3403 quibusdamsubtilioribus,
683 3351 715 3391 ac
731 3333 757 3389 in
778 3334 845 3392 soro
865 3334 943 3389 civili
958 3332 1126 3409 irripunltis,
1147 3333 1200 3389 etsi
1218 3351 1268 3393 ex.

271 3409 407 3465 trinsecus
427 3423 505 3480 aque
522 3407 684 3478 manifeste,
704 3427 736 3466 ac
757 3411 816 3466 aliae
834 3413 980 3482 graviores
1005 3421 1128 3482 pateant.
1167 3412 1216 3470 Ex
1236 3427 1268 3466 o·

272 3485 384 3545 mnibus
400 3486 569 3551 argumentis
586 3487 798 3558 enernnlisque,
818 3504 878 3560 qua
898 3487 1121 3560 consequuntur,
1145 3503 1196 3544 aur
1220 3503 1269 3545 an·

272 3559 424 3630 recedunt,
442 3562 550 3632 liquido
567 3560 634 3616 illud
650 3562 818 3634 colligum.-
839 3562 1003 3620 immediate
1023 3576 1088 3620 ante
1109 3561 1190 3622 istam
1208 3564 1269 3621 sen·

272 3638 405 3702 tentiam,
426 3637 532 3695 Orator
550 3636 694 3694 Romanus
710 3635 745 3695 de
768 3640 818 3703 iis,
839 3641 961 3715 quinon
986 3639 1136 3698 bonafide
1158 3643 1270 3700 emtori

272 3713 396 3770 defessus
412 3714 439 3774 ln
454 3731 484 3772 re
499 3711 615 3772 vendita
631 3712 679 3773 fibi
694 3716 825 3789 cognitos
849 3717 997 3788 iudicant,
1016 3716 1174 3776 sermonem
1197 3719 1271 3789 inje-

272 3806 358 3854 cerat.

335 3929 365 4022 §.
389 3929 449 3996 IX.
472 3927 587 4016 Neque
600 3929 747 4016 adparet,
769 3928 838 4017 quis
864 3928 903 3996 lit
921 3929 954 3996 in
970 3928 1044 4017 Jute
1062 3923 1191 3996 Naturae
1207 3927 1275 4082 gol-⁸

300 4135 323 4195 d·
340 4143 404 4190 Vlll.
422 4143 477 4201 (1)
493 4145 565 4193 Pons.
582 4146 660 4202 Satyr.
678 4147 709 4192 ll.
726 4156 766 4201 72.
784 4142 838 4199 seq.

304 4200 362 4263 (a)
379 4207 460 4252 Exstat
479 4207 580 4256 rtndlrm
599 4212 624 4256 de
642 4208 740 4268 Officiis:
763 4207 803 4267 fid
815 4210 882 4254 aliter
900 4209 975 4270 leget.
995 4206 1064 4252 aliter
1080 4198 1208 4260 fbibsopln'
1226 4203 1272 4250 tol·

272 4267 321 4315 hut
334 4265 440 4321 astutiar-
459 4273 532 4331 loger,
550 4285 657 4334 quatinus
672 4289 739 4319 nanu
753 4285 827 4319 tentrt
834 4270 936 4336 ptffltm
952 4269 1092 4334 Philosophi,
1105 4275 1217 4331 ‘mm‘
1226 4271 1272 4328 ’ἢ

272 4330 330 4382 tlttu
344 4328 371 4379 s?
382 4333 531 4397 intelligentia
538 4366 548 4397 ,
564 4339 606 4386 ttt.
624 4335 669 4386 111.
686 4348 734 4400 top.
755 4346 798 4394 17·
1201 4364 1206 4372 ·
