3034 5509
600 479 707 561 :Toi-
726 533 736 545 s

638 556 675 597 ια’-5.

267 672 351 768 926
455 642 695 765 Noou'Jo.
731 669 1054 746 Bruaeunrctr

304 851 349 906 At
373 865 401 903 ee
424 848 535 904 muitum
555 843 717 920 repetetur}
764 846 808 903 Ita
836 805 1125 936 conscussditertts
1147 839 1262 907 verbio}

238 924 416 1059 &gozelum
435 930 564 1076 gofffumiu
583 995 660 1069 fimui
671 997 777 1072 sorbere
797 994 835 1069 δ’
848 995 951 1074 flure].
999 1000 1119 1072 Auster,
1148 1000 1198 1055 cui
1217 1001 1261 1058 uti

263 1078 360 1152 sepius
385 1075 509 1134 Pcoucb
534 1076 639 1147 volupe
658 1089 735 1140 erat,
764 1076 863 1147 procul
886 1077 976 1135 dubio
996 1078 1062 1135 heic
1086 1075 1204 1136 adludit
1225 1075 1263 1134 ad

265 1157 319 1216 hos
343 1156 415 1216 duos
435 1154 528 1211 versus
548 1169 582 1209 ex
603 1147 779 1225 nepetino.

353 1320 362 1332 ‘
409 1307 496 1363 Simul
509 1302 579 1377 flere
591 1302 741 1379 sorbereque
762 1306 832 1363 houd
844 1304 930 1380 focile

408 1380 483 1458 Est:
503 1402 550 1460 ego
568 1384 610 1441 bic
629 1381 680 1462 effe
700 1378 736 1451 ἐξ
755 1387 812 1439 iiiic
823 1384 905 1459 finiti
922 1383 990 1442 houd
1007 1385 1089 1458 potui·

375 1501 380 1512 ,
703 1459 765 1518 Aci.
787 1462 838 1520 111.
860 1462 895 1521 sc.
917 1478 944 1520 a.
968 1460 1006 1519 vs.
1029 1476 1097 1533 104.
1119 1466 1188 1532 τος.
1218 1529 1221 1533 ,

641 1617 668 1691 p.
707 1608 891 1673 xxr11.
994 1624 1000 1628 ·

305 1764 362 1827 Hic
376 1769 444 1825 enim
459 1767 544 1826 eodem
561 1767 758 1826 madetroiiori
771 1761 891 1840 potest]
932 1764 1064 1832 Scilicet,
1091 1778 1152 1824 non
1184 1762 1266 1844 quod

268 1844 428 1918 Legisiator
453 1848 568 1916 exigere
586 1843 688 1917 pnffit,
719 1843 779 1901 fieri
797 1841 982 1916 impoffibiie,
1005 1843 1126 1902 durante
1146 1847 1267 1919 quidem

269 1921 512 1995 impossibilitate,
540 1938 637 1977 verum
667 1920 750 1992 quod¹
773 1920 855 1994 poffit
886 1937 935 1978 eus
965 1922 1087 1995 punire,
1126 1924 1178 1994 qui
1210 1924 1269 1979 cui-

266 2014 306 2070 ·pa
326 1997 372 2054 sua
398 1995 525 2071 praestare
547 1998 602 2065 jam
627 2012 683 2051 non
709 1999 823 2070 valent,
844 2013 924 2071 eque
948 2015 982 2054 ac
1004 1997 1145 2065 fiviribus
1163 2000 1271 2074 agendi

168 2155 171 2161 Ι
240 2101 247 2119 2
270 2072 414 2143 instructi,
434 2089 518 2147 agere
538 2072 736 2132 detrectarent.
906 2150 908 2153 ι
1172 2097 1174 2101 ·

651 2227 882 2302 pxxw.

260 2359 262 2363 ’
309 2382 368 2440 Aur
387 2379 582 2456 aforooai
607 2379 754 2456 neimo}
798 2380 1270 2444 Viderurheicnuuoreffetturu

273 2459 439 2535 posterioris
460 2460 542 2529 huius
562 2459 697 2516 coactionis
719 2459 809 2527 uitro,
836 2476 919 2535 quarn
941 2457 1067 2533 paren,
1099 2462 1270 2522 extendere.

272 2537 394 2603 Fateor,
421 2535 466 2592 ilia
487 2536 598 2610 cuipam
623 2536 706 2594 vaide
729 2536 836 2606 minui,
864 2537 984 2593 maxime
1011 2551 1107 2594 coram
1130 2535 1201 2595 foro
1223 2541 1272 2596 hu.

212 2665 216 2672 ,
274 2628 378 2679 mano;
407 2625 435 2670 at
457 2629 515 2670 non
541 2614 674 2672 liberatur
696 2615 758 2686 quis
780 2616 893 2686 penitua
914 2614 949 2669 ab
971 2613 1049 2670 omni
1076 2615 1271 2687 imputatione

275 2707 372 2748 coram
394 2689 527 2748 tribunali
549 2689 658 2747 divino.
705 2689 804 2747 stone
822 2708 836 2745 a
857 2691 1017 2766 giudio'aut
1030 2688 1123 2763 securi
1141 2692 1210 2750 heic
1231 2695 1272 2750 ni·

272 2767 313 2828 ini
332 2767 461 2824 conficit:
483 2767 664 2824 instrumenta
680 2768 756 2823 enim
773 2765 818 2822 iiio
842 2766 903 2823 sunt
925 2782 1002 2824 mere
1023 2766 1144 2840 panium
1167 2768 1235 2828 dum
1255 2787 1271 2828 e

275 2840 492 2915 contraiio'qui
510 2845 614 2899 intuitu
635 2856 743 2899 tantum
767 2843 940 2901 imminentis
963 2844 1056 2916 gravis
1077 2844 1200 2914 aiicujus
1215 2864 1270 2904 ma·

276 2921 315 2982 li,
337 2918 413 2975 nuile
433 2919 588 2976 accedente
605 2921 750 2976 coaetone
767 2919 879 2995 phyfica
900 2937 985 2995 atque
1009 2919 1192 2992 irrefistibiii,
1214 2924 1272 2983 adi·

276 2997 370 3070 gitur,
392 2996 513 3070 quadam
530 2995 684 3052 voluntatis
700 2994 791 3070 specie
808 2995 883 3070 agit,
904 3011 1041 3071 certoque
1057 2997 1148 3057 modo
1163 3000 1202 3058 ed
1215 3019 1270 3059 ma-

275 3070 377 3130 nifeste
398 3089 531 3145 pravom,
551 3088 634 3145 quam
657 3075 827 3148 exequitur,
849 3074 987 3132 astionem
1010 3078 1166 3134 concurrit.
1201 3080 1272 3137 Prae·

277 3161 355 3208 terea
370 3147 555 3206 constantino
571 3151 693 3206 hominis
709 3167 767 3208 ntro¹
782 3150 863 3221 piane
876 3153 1004 3223 inperat,
1026 3166 1164 3219 mortem,
1185 3157 1272 3216 etiam

275 3227 448 3302 suppetente
466 3228 526 3297 ejus
549 3225 724 3282 declinandae
749 3229 860 3289 medio,
883 3241 1028 3302 oppetere.
1066 3231 1185 3288 Fatetur
1205 3233 1274 3292 iiiud

278 3304 387 3365 Auctor
404 3304 461 3373 ipse
479 3308 505 3362 in
522 3303 618 3375 Opere
635 3304 742 3371 Maiori
764 3307 810 3361 tto,
825 3303 882 3361 ΙΙΙ.
904 3318 960 3378 cop.
986 3320 1010 3375 7.
1031 3306 1055 3380 i.
1080 3321 1106 3377 5.
1144 3311 1212 3367 Nec
1228 3311 1276 3368 dr·

279 3383 360 3444 sunt.
382 3383 429 3455 qui
445 3383 502 3438 hoc
517 3381 672 3456 aliquando
693 3393 809 3456 propte-r
825 3381 947 3440 leuiores
970 3383 1087 3445 causas.
1108 3388 1213 3462 quibus
1226 3404 1275 3447 ue·

279 3460 440 3521 hementius
463 3458 648 3526 adficiuntur,
687 3457 802 3526 audent.
855 3460 978 3517 Pronum
1002 3459 1078 3517 foret
1106 3462 1277 3533 ostendere,

194 3557 196 3562 ·
279 3539 411 3598 Auctoris
431 3539 569 3612 principia
586 3540 676 3593 minua
693 3535 771 3593 firma
786 3536 860 3603 effe,
884 3554 917 3593 ac
933 3537 1120 3598 coherentia:
1152 3555 1183 3598 at
1198 3542 1278 3602 locus

279 3630 343 3676 nou
361 3615 473 3688 patitur.
515 3615 556 3672 Ex
572 3615 615 3671 hie
637 3629 705 3669 vero
726 3614 823 3673 coiiiei
846 3613 965 3672 abunde
981 3614 1089 3688 potest.
1122 3634 1211 3676 unum
1232 3637 1279 3678 ce·

280 3692 340 3752 sum
359 3690 429 3754 effe,
451 3707 510 3766 quo
529 3691 564 3745 ad
584 3691 746 3746 evitandum
769 3691 871 3747 maium
889 3710 901 3746 a
916 3692 1067 3767 superiore
1083 3694 1278 3768 intentatum,

280 3772 408 3842 eiusdem
425 3764 578 3823 manifeste·
593 3764 699 3835 injustis
716 3765 790 3838 juffis
816 3767 889 3824 saiva
914 3771 1086 3827 conscientia
1109 3775 1232 3833 obedire
1246 3774 1280 3832 ii-

279 3860 364 3906 ceat:
392 3862 493 3917 nempe
514 3841 534 3899 fi
557 3843 604 3901 ille
655 3844 705 3918 qui
728 3844 848 3909 iniuncta
873 3847 970 3906 iiiicita
992 3848 1102 3906 oenone
1133 3851 1280 3911 laedendus

281 3923 343 3988 est,
364 3923 422 3998 ipse
438 3921 556 3979 aiterum
574 3933 672 3993 vetet,
695 3923 722 3978 in
742 3925 860 3994 gratiam
883 3925 922 3984 sui
945 3925 1097 3984 renitendo
1117 3926 1211 3986 subire
1231 3945 1282 4004 pe·

286 4002 430 4061 rituum:
450 4000 538 4071 modo
554 4011 645 4056 tamen
667 3998 702 4056 de
716 4016 746 4054 re
759 4015 877 4072 agatur.
907 4005 980 4060 circa
1000 4020 1084 4080 quam
1108 4006 1135 4061 in
1156 4004 1283 4063 inferen-

288 4078 353 4135 dum
373 4077 419 4133 fibi
440 4079 543 4135 maium
560 4077 737 4139 consentire,
761 4090 808 4133 aut
824 4077 859 4134 de
878 4079 985 4138 iaesrnne
1006 4083 1090 4153 iuris·¹
1114 4084 1159 4139 cui
1176 4100 1283 4142 renun.

287 4157 362 4212 ciere
379 4153 427 4227 ipi'r
450 4155 481 4212 fit
506 4157 663 4225 integrum:
691 4151 741 4210 etsi
764 4157 837 4211 enirn
853 4160 920 4215 mibi
942 4177 966 4214 e.
986 4177 1013 4229 g.
1037 4161 1101 4232 quis
1119 4160 1286 4218 libertatem

286 4231 375 4303 ipiom
392 4230 543 4289 occidendi
561 4231 736 4301 indi-rigeret:
758 4248 814 4287 non
833 4235 899 4293 inde
919 4250 1011 4292 tamen
1028 4235 1120 4293 furori
1135 4237 1212 4304 ciue,
1235 4240 1289 4312 qui

279 4307 335 4392 gub
349 4309 429 4384 gravi
448 4309 673 4375 comminatione
692 4308 763 4372 mihi
782 4309 866 4383 nujus
888 4313 1007 4375 insontis
1029 4330 1131 4379 necem
1146 4315 1290 4452 ὴιιρεηὲζ
