3034 5509
387 653 468 748 oto
580 648 719 723 Norn
754 641 815 740 Jo.
851 639 1172 713 Biruurrrcrr

810 816 836 890 r.
875 816 903 874 x
924 813 979 872 11.

436 971 639 1056 Regrrsetitrr}
678 969 819 1046 Equidem
836 984 895 1025 non
910 967 1018 1039 semper
1035 963 1155 1035 maioris
1171 964 1258 1038 partis
1276 963 1397 1023 saniore

400 1059 462 1118 sunt
475 1056 579 1127 judicia
596 1071 603 1110 τ
623 1048 662 1107 ast
683 1049 737 1106 usia
758 1051 786 1107 in
802 1045 925 1103 concisio
947 1060 1004 1102 non
1027 1043 1108 1098 datur
1137 1045 1181 1100 via
1203 1042 1324 1114 negotia
1345 1060 1397 1100 ex·

399 1133 550 1210 pediendi3
572 1145 634 1186 cum
650 1124 748 1200 singuli
767 1123 864 1197 aquati
886 1124 948 1192 jure
970 1117 1148 1192 suffragium,
1169 1132 1255 1193 prout
1275 1117 1330 1176 fibi
1356 1121 1399 1178 vi.

400 1210 506 1275 detur,
528 1205 638 1264 serendi
652 1203 799 1279 polleant,
818 1199 907 1258 &vix
923 1197 954 1256 fit
969 1201 1136 1272 quisquam,
1157 1197 1202 1252 cui
1222 1196 1320 1253 atiena
1337 1212 1399 1254 ma-

400 1289 461 1362 gis,
483 1300 568 1360 quem
592 1283 637 1340 suu
657 1280 767 1354 placeat
785 1277 945 1352 prodentia.
995 1272 1065 1331 inde
1087 1269 1176 1329 niodo
1197 1285 1280 1330 certo
1305 1289 1400 1330 mem«

403 1367 519 1422 brorum
547 1358 661 1417 concisis
682 1371 801 1413 numero
820 1351 993 1426 conspiratio
1014 1366 1073 1407 non
1097 1349 1274 1418 intercedat,
1296 1365 1399 1424 neque

402 1440 474 1498 usias
493 1438 550 1514 ipsa
572 1438 646 1492 circa
660 1433 778 1508 presens
793 1434 940 1503 negotium
960 1427 1079 1500 suspetia
1099 1424 1272 1499 adportant:
1299 1427 1398 1501 publi-

403 1533 439 1575 αι
460 1515 526 1573 saue
546 1511 669 1589 postulat
693 1510 817 1577 utilitas,
850 1507 994 1570 idratum
1016 1505 1139 1570 haberi,
1165 1502 1245 1576 quod
1262 1502 1398 1577 pluribus

332 1620 336 1629 ·
403 1591 544 1665 suffragiis
567 1586 750 1645 constitutum
788 1583 884 1642 suerit.
939 1579 1050 1640 Praestat
1080 1579 1184 1636 subesse
1213 1580 1396 1653 periculum,

403 1681 437 1728 ut
450 1667 659 1743 imprudentior
680 1662 836 1737 aliquando
851 1660 1001 1736 prevaleat
1019 1657 1173 1721 sententia,
1194 1671 1279 1728 quem
1303 1658 1397 1717 resin.

425 1748 453 1803 ui
470 1746 497 1802 in
516 1741 645 1819 suspenso
664 1743 797 1812 negotia,
819 1753 868 1797 aut
884 1749 1034 1814 perpetuas
1060 1735 1135 1791 circa
1156 1732 1314 1792 decidendi
1334 1751 1399 1794 mo·

449 1838 476 1878 m
497 1822 561 1879 sites
584 1836 599 1875 a
621 1818 694 1874 ituri.
894 1826 897 1833 ¹

441 1895 496 1953 Isia
518 1835 701 1970 preuoffebit}
739 1890 774 1948 E.
794 1908 823 1963 g.
842 1889 861 1947 st
886 1891 935 1948 uni
958 1887 1100 1946 sententie
1129 1903 1175 1944 20.
1196 1882 1335 1960 suffragia
1355 1885 1397 1946 su·

283 1981 286 1985 ’
402 1983 513 2034 ueuntz
528 1970 611 2029 alteri
625 1984 672 2040 30.
692 1969 781 2023 tertie
800 1981 870 2025 vero
885 1983 933 2038 40.
955 1963 1096 2039 postrema
1109 1962 1302 2038 prevaluerit.

734 2118 1060 2183 CurumVII.

843 2272 962 2350 §.tn

443 2429 519 2514 Quid
536 2439 581 2502 prr
600 2424 725 2501 iiiicitoi.
772 2426 888 2488 Scilicet
915 2429 942 2485 in
965 2424 1050 2486 rebus
1074 2423 1137 2500 sege
1162 2422 1258 2500 usique
1281 2425 1402 2497 divina,

407 2504 465 2566 five
481 2504 616 2571 naturali,
639 2504 695 2562 five
709 2506 834 2564 revetata
849 2518 912 2562 non
924 2503 1136 2582 preceptiones
1152 2504 1320 2579 prohibitis.
1352 2508 1403 2568 Vi·

334 2663 340 2675 Ι
408 2583 445 2644 de
463 2584 490 2661 J.
509 2585 549 2643 N.
571 2579 654 2642 &G.
673 2584 720 2641 sib.
741 2582 828 2673 Vrtr.
847 2596 904 2656 cop.
925 2600 951 2640 r.
971 2582 997 2656 s.
1021 2597 1047 2639 2.
1062 2582 1133 2658 seqq.

802 2709 805 2717 r

813 2735 840 2811 ς.
880 2733 980 2796 vir.

445 2889 552 2966 Putafi
564 2892 608 2948 oei
627 2888 731 2965 cives}
769 2887 885 2946 Referri
910 2888 966 2945 huc
986 2884 1079 2960 potest
1099 2885 1142 2957 ius
1163 2887 1283 2946 ornandi
1296 2897 1347 2947 aut
1359 2891 1404 2960 pi·

401 2963 515 3045 fiendi.-
542 2971 582 3029 ius
603 2966 724 3023 cedenda
746 2978 877 3022 monere:
901 2965 946 3034 ius
966 2967 1065 3024 omnia
1085 2964 1157 3037 uta,
1175 2981 1240 3039 que
1255 2967 1286 3024 in
1301 2964 1405 3026 medio

406 3041 505 3104 relisit
519 3041 603 3116 sunt,
622 3040 673 3100 sibi
689 3039 855 3102 vindicandi
867 3041 921 3101 dte.

799 3197 825 3272 r.
865 3186 1025 3255 v111.‘

448 3348 554 3408 &immi
568 3351 672 3423 imperii
684 3346 720 3427 est
733 3344 917 3426 constituere}
956 3349 997 3408 At
1017 3348 1046 3407 sn
1067 3349 1150 3420 huius
1167 3350 1239 3422 iuris
1254 3348 1403 3412 'exercitio

410 3443 563 3486 occurrere
581 3429 709 3502 possunt,
730 3431 789 3485 imo
806 3427 875 3500 stupe
891 3443 991 3486 revera
1011 3440 1167 3486 occurrunt
1185 3443 1297 3488 errores
1318 3444 1404 3505 etque

413 3504 514 3563 abusus
529 3505 698 3575 graviffimir
724 3504 781 3564 sive
804 3505 880 3578 quod
897 3519 1002 3561 nocere
1023 3503 1052 3561 id
1067 3504 1198 3562 credatur
1219 3506 1402 3579 reipubtice,

406 3580 494 3656 iquod
511 3579 617 3639 nussum
636 3580 685 3654 ipfi
701 3581 796 3640 adsert
811 3581 1030 3648 detrimentum,
1052 3593 1102 3639 aut
1121 3582 1216 3656 petius
1230 3580 1340 3658 mugire
1353 3583 1404 3642 rsi-

411 3656 532 3734 quando
551 3658 732 3716 commodum
748 3657 902 3716 conciliare
919 3657 1055 3717 idoneum
1069 3655 1159 3716 foret:
1179 3657 1236 3718 sive
1249 3659 1405 3733 quodhoe

411 3745 553 3810 praetextu
572 3736 712 3808 principer
734 3738 852 3807 proprio
871 3732 921 3806 ipsi
943 3747 1041 3802 motu,
1061 3746 1111 3794 rut
1133 3733 1312 3794 scelestorum
1327 3752 1404 3808 quo-

412 3809 534 3870 rundam
555 3812 701 3869 hominum
720 3811 960 3885 suggessionibus,
981 3812 1056 3869 circu
1078 3810 1123 3869 vel
1148 3815 1270 3872 maxime
1285 3809 1404 3871 indiffe-

413 3901 511 3947 rentes
544 3888 732 3955 innoxiasve,
768 3889 911 3947 interdum
938 3890 1024 3946 etiam
1051 3886 1203 3949 verissimas
1228 3888 1403 3963 opiniones,

413 3965 563 4042 presertim
592 3967 619 4022 in
646 3965 733 4023 causis
753 3966 916 4036 religionis,
944 3982 1028 4023 acres
1047 3981 1131 4040 agere
1150 3965 1329 4042 inqui-stores
1351 3965 1404 4023 ad·

412 4041 589 4113 gredientur.
628 4042 719 4111 Vide,
742 4059 804 4116 quar
827 4044 898 4101 ditia
923 4042 984 4100 sunt
1004 4040 1039 4099 ud
1055 4043 1079 4117 J.
1101 4042 1144 4101 N.
1161 4044 1187 4102 du
1207 4045 1243 4104 G.
1261 4044 1308 4100 sib.
1331 4041 1403 4102 VH.

411 4131 473 4189 cap.
494 4136 521 4189 4.
539 4121 562 4188 s.
586 4134 613 4176 2.
636 4133 687 4176 nm.
712 4137 737 4179 2.
759 4136 883 4177 necnon
897 4122 1039 4180 Noonurr
1058 4120 1211 4180 discursum
1231 4120 1266 4178 de
1281 4119 1405 4193 Religio·

385 4184 389 4203 ¹
416 4211 449 4282 rte
463 4196 494 4250 ai
509 4195 620 4267 Imperio
634 4193 709 4275 Jure
726 4197 851 4261 Gentium
872 4200 970 4273 libem
994 4198 1045 4274 qui
1063 4195 1175 4267 Gallice
1196 4196 1292 4261 versut
1311 4195 1406 4259 alter!

413 4283 478 4333 vice
491 4273 599 4345 prodiit
613 4289 658 4335 au.
674 4287 764 4350 1714„
1074 4314 1077 4319 ·

1298 4425 1329 4511 ᾗ.
1346 4426 1408 4499 IX·¹
