3034 5509
379 694 385 705 .
491 639 626 720 san.
682 643 1016 723 nasson.
1109 668 1246 760 ⁵90⁹

255 817 495 890 Branuunncn
524 803 778 892 observationes
809 843 890 893 cum
921 822 956 894 in
988 823 1156 899 Libellum
1180 822 1246 897 Pu·

256 927 530 1017 fendorfianum,
557 949 630 1000 tum
653 933 686 1003 in
706 933 882 1029 Anonymi
907 935 1092 1028 Epistolam
1117 937 1244 1009 Censu-

256 1045 362 1135 riam,
398 1066 499 1139 prout
524 1071 650 1141 nempe
678 1048 860 1123 noviffime
883 1053 951 1126 An.
977 1033 1243 1126 Mncuxxul.

256 1160 384 1230 eaedem
402 1160 621 1253 prodierunt,
651 1160 686 1233 in
707 1160 888 1250 Latinum,
917 1183 1149 1267 communem
1169 1188 1247 1238 eru·

255 1273 333 1348 ditis
356 1277 565 1371 sermonem,
599 1276 774 1365 transtuli3
807 1278 909 1372 idque
939 1266 1065 1372 quanta
1085 1302 1148 1371 pet
1170 1281 1248 1355 bre·

256 1392 373 1470 viores
404 1390 552 1464 conceffi
584 1392 667 1464 milri
694 1394 858 1486 temporis
883 1416 1063 1483 numeros,
1097 1395 1247 1470 intermi-

254 1509 385 1599 stnsque
402 1502 537 1599 pallim,
575 1505 665 1600 qnod
696 1505 784 1578 ultro
801 1503 912 1579 forsan
930 1504 1247 1597 animadvertetur,

254 1620 333 1690 alias
354 1618 627 1711 occupationes,
653 1616 827 1714 diligentia
850 1618 955 1691 licuit.
1003 1619 1087 1692 Hoc
1112 1622 1245 1696 adsere·

251 1753 289 1801 re
313 1727 439 1815 ausim,
484 1727 508 1800 sr
538 1750 607 1802 non
636 1729 748 1800 omnis
782 1728 845 1803 stili
870 1730 959 1803 nitor
992 1731 1244 1825 conspiciatur,

251 1847 343 1939 quod
369 1867 432 1918 nec
464 1842 564 1919 facile
588 1841 762 1919 versiones
796 1843 1000 1936 patiuntur,
1038 1844 1153 1917 saltem
1181 1842 1242 1916 ex'-

249 1960 398 2054 prelium
423 1955 488 2030 elle
515 1959 691 2052 perspicue
716 1982 758 2031 ac
787 1957 934 2030 fideliter
968 1958 1130 2029 Aodloris
1170 1956 1243 2029 sen·

247 2072 341 2159 sum,
369 2089 478 2161 neque
497 2063 642 2142 fortassis
660 2067 729 2139 hoc
753 2066 896 2140 nomine
912 2065 1091 2163 quicquam
1113 2066 1241 2137 defice·

246 2204 293 2252 re.
344 2179 459 2274 Atque
486 2175 554 2246 hoc
572 2176 682 2269 ipsum
707 2176 895 2249 institutum
921 2174 1117 2246 sditionem
1142 2177 1239 2247 Libri

228 2284 282 2368 ¹in
306 2289 501 2363 universum
525 2289 710 2381 produxit,
747 2308 849 2386 quam
875 2287 1029 2380 pluribus
1045 2287 1119 2360 aliis
1137 2310 1237 2362 antea

245 2403 376 2476 ufitatis
397 2398 577 2470 meliorem
596 2398 835 2495 utilioremque
853 2399 984 2469 merito
1003 2399 1233 2476 crediderim:
1341 2476 1343 2478 ,

244 2517 319 2589 five
343 2512 384 2585 ad
413 2503 619 2581 remilfiones
643 2508 846 2600 marginales
884 2507 926 2582 ad
958 2507 1068 2602 majus
1099 2509 1234 2582 Purart.

243 2644 367 2702 nonan
389 2622 509 2716 Opus:
545 2616 616 2690 slve
640 2621 680 2694 ad
699 2617 969 2695 distributionem
996 2621 1232 2717 Paragraplro·

243 2758 341 2820 rum,
369 2731 479 2827 iisque
504 2727 634 2823 adjetta
656 2729 824 2829 sigillatim
844 2727 1051 2805 summaria:
1077 2730 1163 2816 ‘srve
1188 2733 1231 2806 ad

243 2864 376 2919 notatas
407 2837 624 2935 peculiariter
660 2840 810 2913 manime
834 2840 1062 2916 observandas
1093 2863 1230 2930 voces,

242 2953 491 3051 propositiones
516 2955 816 3046 Definitionesque
842 2951 1047 3047 (inquibus
1070 2957 1229 3032 omnibus
1282 3032 1285 3041 ,

239 3073 310 3146 Du.
339 3069 622 3144 Binanrrrncrurt
652 3071 722 3140 sum
751 3064 936 3166 se'cutus):
979 3065 1052 3141 srue
1081 3070 1229 3169 denique

240 3189 343 3264 etiam
369 3183 410 3255 ad
435 3185 789 3278 typum'attendatur.
844 3181 1033 3257 Enimvero
1065 3187 1156 3280 quod
1183 3187 1226 3260 ad

238 3295 531 3391 Paragraplrorum
557 3295 701 3368 summas
726 3293 877 3382 adtinet,
920 3301 979 3370 vix
998 3317 1114 3391 putem
1130 3303 1172 3375 de
1188 3304 1227 3375 il.
1344 3303 1346 3306 ’

239 3411 381 3488 liscum
403 3407 532 3477 ratione
556 3407 622 3478 dici
646 3402 765 3500 polle,
791 3404 882 3498 quod
899 3405 941 3475 de
964 3408 1034 3477 aliis
1048 3409 1084 3479 in
1106 3411 1226 3508 Belgio

241 3516 411 3588 confeslis
430 3539 605 3588 nonnemo
628 3517 775 3588 censuit:
803 3520 848 3587 ili
860 3512 980 3610 sapius
999 3539 1130 3593 merrtem
1155 3540 1226 3596 tex·

237 3649 289 3705 tus
307 3633 359 3702 uel
379 3656 435 3704 non
453 3630 607 3724 perspicue
613 3631 719 3726 sutis,
744 3635 797 3704 vel
809 3657 876 3704 non
898 3649 967 3726 apte
988 3641 1146 3731 exprimi,
1172 3667 1225 3714 ne·
1273 3724 1275 3729 s
1352 3697 1356 3704 -

238 3770 294 3839 nuo
324 3745 418 3817 ullam
443 3744 595 3838 egicanis
621 3770 679 3838 pua
693 3753 695 3758 ’
709 3749 847 3818 mater-io
875 3749 1042 3834 cohaerent,
1072 3757 1223 3826 rationem

236 3859 377 3927 hubitant
401 3856 511 3949 fnisse.
579 3857 661 3928 Hoc
690 3858 826 3950 quidem
861 3880 951 3954 aegre
975 3860 1071 3950 fero,
1110 3869 1223 3962 quod,

235 3987 342 4058 quum
381 3988 547 4039 extraneo
577 3969 674 4059 prelo
708 3967 909 4060 opusculum
942 3970 1129 4060 subjeetum
1162 3974 1222 4064 fit,

235 4077 375 4167 absens,
403 4082 586 4176 quominus
603 4081 637 4155 in
656 4082 756 4169 illud,
788 4084 973 4177 praesertim
992 4080 1077 4157 iero
1095 4089 1129 4160 in
1149 4090 1227 4166 No·

231 4187 402 4297 tannarii
432 4215 565 4267 errores
586 4190 799 4292 irrepserint,
839 4216 965 4269 cavere
992 4194 1074 4271 haut
1102 4221 1226 4297 potue·

1144 4312 1223 4391 tim.
