3034 5509
389 618 467 719 962·
577 609 727 697 ‘Nora
754 607 824 708 ru
858 607 1177 701 Bra-narnien

398 799 454 861 ianr
469 794 539 869 iaepe
553 789 728 859 contraditus
740 788 868 860 emtionis'
883 789 1043 857 venditionis
1058 792 1142 861 varias
1157 787 1320 861 clausula,
1343 805 1407 870 qne

400 868 563 938 translatum
586 867 717 928 Dominii
735 867 782 939 ius
797 868 977 945 restringunt.
1006 867 1081 937 Vide
1101 863 1245 946 infrapcep.
1263 885 1311 944 ις.
1333 873 1408 948 §.u

834 1018 860 1098 r.
899 1021 1022 1106 rr·

409 1174 600 1254 :laethalia
623 1191 708 1239 toruo
730 1175 823 1256 [miti
860 1179 932 1239 iiaec
945 1177 1020 1236 ratio
1041 1194 1093 1254 per
1109 1176 1136 1236 se
1150 1178 1244 1237 omni
1259 1177 1413 1241 validitate

403 1260 573 1321 destituitur.
612 1256 774 1321 ludeerrim
801 1256 924 1330 sequitur
947 1259 1147 1325 econtrario,
1171 1256 1263 1316 licere
1285 1273 1326 1316 ex
1351 1258 1412 1318 tali·

402 1341 456 1398 bus
477 1337 575 1402 rebus,
603 1346 739 1408 quantum
770 1335 834 1407 quis
863 1331 1011 1400 voluerit,
1039 1333 1186 1408 proprium
1214 1330 1267 1390 srlri
1294 1332 1412 1395 facere:

402 1415 510 1490 quippe
537 1425 602 1468 cum
624 1410 791 1473 tantundem
814 1409 935 1481 quilibet
956 1408 1028 1474 alter
1049 1408 1100 1468 suo
1126 1410 1193 1467 loco
1216 1409 1328 1483 poffit‚
1359 1428 1412 1470 nec

402 1490 455 1550 ulli
470 1493 523 1546 hac
542 1487 654 1545 ratione
668 1487 824 1559 quicquam
849 1486 976 1543 decedat.
1013 1487 1080 1544 Hoc
1101 1485 1218 1559 quidem
1240 1485 1414 1562 expeditum

303 1601 307 1613 ι
403 1565 460 1636 est,
482 1576 513 1623 ut
529 1565 731 1636 proprietatem
759 1578 804 1619 res
829 1561 1089 1635 aliqua'admittam
1112 1563 1220 1636 requiri
1246 1579 1272 1622 1.
1296 1573 1331 1621 ut
1353 1564 1413 1635 ejas

288 1965 289 1968 ¹
404 1948 454 2007 rit.

404 1642 438 1703 fit
458 1641 580 1709 indolis,
602 1655 663 1714 quaa
686 1636 818 1712 poffideri
842 1639 898 1696 lroc
921 1637 967 1695 vel
984 1637 1034 1697 illo
1052 1641 1140 1696 modo
1157 1650 1260 1714 queam
1283 1639 1412 1698 corrfillr‘t

405 1717 532 1783 enimin
555 1714 726 1791 polieffione
746 1713 810 1774 finis
831 1728 918 1788 atque
943 1715 1006 1773 usus
1032 1715 1228 1792 proprietarios
1256 1733 1284 1774 2.
1308 1728 1346 1775 ut
1370 1717 1413 1775 ad·

403 1791 585 1875 prehendere
605 1792 727 1851 eandem
751 1808 811 1851 rem
833 1809 866 1850 ac
887 1789 1030 1850 custodire
1051 1795 1114 1866 quis
1135 1792 1250 1852 valeat:
1270 1793 1345 1851 alias
1372 1791 1410 1852 sar·

403 1886 552 1947 pervacua
575 1868 682 1928 fuerint
703 1883 825 1937 omnes,
846 1883 916 1942 quas
938 1867 1063 1926 formare
1086 1866 1290 1945 praetenfiones
1310 1869 1410 1929 volae·

407 2052 410 2059 ,
444 2022 496 2082 Uri
514 2017 587 2097 ejl].
632 2020 676 2079 Ex
704 2035 763 2088 eo,
791 2019 873 2094 quod
899 2019 1039 2092 ejusmodi
1061 2037 1107 2081 res
1134 2019 1314 2083 inexhaustae
1334 2022 1411 2094 lunt,

404 2102 530 2173 sequitur
551 2094 767 2162 tantummodo,
789 2113 824 2154 ex
849 2098 959 2173 legibus
987 2099 1169 2158 humanitatis
1190 2099 1234 2159 fas
1262 2099 1342 2168 effe.
1370 2119 1411 2159 ea·

403 2176 525 2238 ruudem
545 2173 638 2239 ulum.
661 2184 798 2248 quantum
814 2172 871 2232 fine
886 2175 1004 2247 proprio
1020 2174 1207 2237 incommodo
1220 2176 1284 2235 lieri
1300 2179 1411 2252 potell,

404 2252 525 2314 cuilibet
542 2253 719 2323 permittere.
757 2249 837 2308 illias
853 2252 930 2309 enim
945 2252 1016 2317 nihil
1036 2252 1169 2326 impedit,
1188 2255 1351 2327 quominus
1365 2257 1411 2315 suo

404 2328 496 2391 modo
511 2326 538 2385 di
553 2346 619 2402 apuu
631 2324 779 2402 profluens,
800 2325 827 2385 dt
851 2331 914 2394 uir,
944 2327 971 2386 dr
993 2330 1078 2387 iumen
1100 2331 1216 2403 iuuere
1240 2328 1313 2389 Salis
1334 2333 1410 2409 poili·

405 2406 544 2473 decatum
565 2404 772 2480 promtiore,
791 2403 968 2475 lirieceffunr
981 2404 1072 2478 iuret,
1095 2404 1208 2467 ostendi
1224 2407 1302 2469 illud
1314 2411 1411 2487 pollet.

855 2560 882 2636 r.
922 2560 992 2621 vr.

452 2712 507 2788 Ei,
522 2716 568 2792 qui
583 2716 685 2789 primus
699 2709 816 2791 eadem}
854 2713 900 2775 Eo
919 2713 1036 2791 proprie
1046 2717 1091 2787 jus
1105 2718 1250 2796 rmupunris
1263 2717 1414 2788 fundatur.

407 2793 598 2868 quoda-prior
621 2791 680 2866 ipse
705 2794 831 2857 animum
852 2792 925 2851 hanc
952 2790 999 2851 vel
1029 2796 1184 2854 illamrern
1209 2795 1265 2856 sibi
1293 2796 1418 2855 habendi

407 2867 579 2931 ostenderit.
615 2869 644 2929 Si
659 2885 731 2941 ergo
746 2869 935 2927 intentionem
958 2867 1106 2932 farmalio
1128 2873 1227 2947 aliquo
1249 2873 1316 2933 actu
1336 2890 1415 2948 aeqae

406 2943 598 3017 amiternis
620 2943 830 3009 declaraverit;
850 2956 934 3020 puta,
956 2945 1126 3024 simplicibus
1148 2948 1273 3010 vocibus
1291 2991 1302 3021 ‚
1322 2951 1416 3024 gestu,

405 3029 484 3083 mota
503 3018 588 3079 certis
605 3019 689 3082 rebus
711 3020 836 3094 appofita
855 3019 916 3089 ὄιος
937 3037 986 3082 aur
1004 3027 1094 3084 ceteri
1110 3026 1138 3081 in
1161 3025 1224 3097 ejus
1236 3030 1362 3102 gratiam
1375 3028 1416 3098 jn·

412 3094 456 3165 ri,
476 3095 556 3170 quod
576 3095 625 3153 fibi
641 3094 669 3152 in
690 3093 814 3171 aliquam
839 3115 899 3157 rem
916 3115 1011 3173 aeque,
1031 3102 1119 3161 acilii
1135 3106 1341 3175 competebat.
1362 3121 1417 3164 rna·

411 3170 514 3233 niielle
526 3173 759 3241 renunciaverint
771 3174 892 3246 :potest
905 3186 973 3235 tunc
987 3177 1171 3253 originarium
1195 3178 1283 3251 hujus
1300 3181 1342 3241 rei
1366 3182 1416 3240 do·

410 3245 532 3307 minium
561 3248 631 3305 citra
662 3247 746 3307 ullam
772 3249 953 3324 corporalem
975 3255 1229 3328 adprehenfionem
1255 3257 1419 3332 adquirere.

413 3323 509 3476 virise,
528 3339 591 3399 quae
617 3323 688 3382 difla
710 3324 774 3386 sunt
797 3327 827 3385 in
847 3328 916 3386 notis
941 3329 975 3390 ad
997 3331 1023 3409 J.
1042 3333 1083 3394 N.
1103 3331 1130 3392 dt
1150 3334 1188 3395 G.
1205 3334 1271 3394 Lib.
1292 3334 1339 3397 IV.
1362 3348 1417 3413 cop.

415 3405 443 3460 6.
483 3417 539 3460 .2.
561 3406 587 3464 8.
608 3416 637 3470 9.

449 3475 558 3553 Nrufit
573 3478 740 3557 interdiani
779 3480 918 3542 Censetur
941 3497 1035 3545 eoetus
1055 3487 1176 3564 populi,
1198 3501 1249 3549 ant
1273 3504 1360 3568 capnt
1381 3489 1418 3550 ci·

411 3555 509 3624 ‚vitatis
529 3571 630 3613 omnes
653 3571 699 3615 res
720 3558 842 3618 mobiles
875 3562 902 3618 in
930 3564 1077 3622 territorio
1101 3565 1151 3623 ino
1179 3565 1338 3632 exilientes
1366 3583 1418 3626 cerr

416 3629 538 3693 totidem
556 3633 707 3701 accessoria
723 3636 882 3708 occupelie.
923 3640 1037 3716 Quippe
1052 3640 1162 3701 anlrnus
1181 3644 1328 3716 eiusmodi
1344 3648 1418 3705 bona

410 3707 466 3775 liar
487 3705 610 3769 habendi
627 3725 663 3766 err
679 3708 735 3782 ipsa
756 3712 797 3767 rei
814 3724 913 3772 tratura
927 3717 1011 3782 fluit;
1029 3719 1066 3778 lta
1089 3730 1119 3778 ut
1136 3719 1186 3778 nifi
1210 3722 1281 3780 alias
1302 3721 1418 3784 manife-

409 3782 547 3849 ¹flaverit,
571 3781 644 3841 velle
660 3783 687 3843 se
707 3783 755 3844 illa
775 3788 804 3845 itt
820 3788 915 3848 medlo
933 3793 1112 3868 relinquere,
1132 3812 1164 3855 ea
1179 3796 1319 3872 adipsum
1340 3815 1417 3861 rere·

412 3875 446 3920 ra
461 3859 623 3933 pertinent,
644 3874 780 3937 quantum
796 3867 929 3925 naturalis
944 3886 1044 3931 eorum
1057 3870 1170 3930 indoles
1184 3875 1300 3949 patitur.
1324 3876 1418 3964 Quare

383 3958 389 3970 ·
411 3947 494 4006 tum,
514 3937 653 4010 inquam,
675 3943 809 4001 umarulr‘s
829 3961 913 4002 eorum
935 3947 1033 4008 indoles
1055 3952 1176 4023 patitur:
1189 3949 1258 4029 ferte
1277 3959 1360 4015 eninr
1382 3959 1417 4014 ie

409 4008 479 4087 stiae,
499 4031 526 4070 e.
546 4030 573 4083 g.
595 4012 623 4069 in
649 4013 731 4086 sylvis
758 4020 883 4091 regionis
908 4023 1027 4097 alicujus
1059 4042 1220 4101 vagantes.
1247 4033 1370 4093 rranfire
1392 4035 1417 4092 in

417 4091 523 4147 alienas
540 4088 628 4162 sylvas
643 4091 773 4165 poliunt,
785 4127 787 4131 ·
798 4098 844 4155 ubi
861 4115 907 4155 eas
930 4101 1079 4176 repetendi
1091 4105 1137 4175 J'us
1158 4122 1218 4163 non
1240 4106 1342 4172 fuerit.
1364 4115 1416 4172 Ve-

416 4179 479 4222 rum
502 4182 560 4224 uon
583 4166 649 4225 inde
670 4170 822 4247 sequitur,
851 4176 911 4233 ilias
934 4193 1000 4237 ante
1021 4178 1056 4236 ad
1082 4181 1230 4241 dominum
1258 4184 1416 4258 sylvarum.

420 4253 491 4313 quas
513 4242 710 4318 deseruerunt,
733 4266 792 4309 non
814 4253 987 4327 pertinuitle.
1038 4257 1087 4334 Jus
1110 4262 1298 4333 proprietatis
1323 4267 1416 4334 illius.

418 4316 529 4393 irruerit
544 4319 679 4381 vacillans
699 4338 787 4400 atque
804 4329 971 4393 extinctioni
990 4333 1168 4408 aaronem,
1186 4353 1250 4402 non
1273 4342 1350 4404 ideo
1373 4343 1416 4404 rui·

1370 4429 1416 4482 titii
