3034 5509
281 634 356 724 560
465 624 548 705 Dn
598 603 889 706 Orrrcro
940 584 1205 732 Crrtr'

276 826 407 892 ruerus,
441 824 647 900 paupertas,
683 805 835 889 fendicas,
875 806 1041 896 solitudo,
1080 808 1283 906 barbaries,

278 907 487 1002 ignorantia,
517 904 653 977 feritas:
681 903 760 976 heic
784 904 970 1000 imperium
993 908 1155 998 rationis,
1182 932 1276 1002 pax,

278 1003 462 1089 securitas,
495 1002 643 1090 divitiae,
676 1022 836 1091 ornatus,
871 1003 1041 1096 societas,
1077 1006 1275 1103 elegantia,

280 1102 449 1190 scientio,
476 1101 718 1175 benevolentia
742 1105 817 1198 (i).

472 1292 1076 1396 iN&Gistoffli2
1231 1359 1258 1474 r

1250 1428 1275 1480 rt

276 1592 386 1653 potlted,
404 1603 451 1649 qua
465 1591 538 1640 ilatus
556 1592 672 1642 naturalis
684 1587 757 1639 holli-
789 1591 884 1640 cialitar
897 1591 1040 1642 conservari
1052 1594 1081 1641 ‘dt
1095 1594 1200 1647 felicitas
1213 1610 1275 1657 pro·-

276 1655 307 1703 lis
325 1655 371 1702 erle
387 1657 565 1716 contenditur,
588 1653 683 1714 fluunt,
709 1665 757 1712 qua
789 1657 884 1703 moveri
897 1668 979 1715 queat.
1010 1657 1112 1706 sedilia
1126 1671 1186 1708 aera
1200 1660 1272 1723 sunt,

248 1777 250 1782 Ι
277 1730 383 1776 negata,
410 1716 561 1766 consectaria
584 1731 684 1776 quoque
704 1729 756 1764 ces·
788 1719 1043 1780 srlegitituuaimperil
1058 1721 1138 1770 civilis
1151 1725 1177 1770 fit
1192 1726 1272 1784 ulus,

277 1780 344 1840 sant,
361 1779 420 1838 quin
429 1781 528 1828 interim
543 1793 574 1827 ex
590 1781 709 1830 accidenti
728 1780 756 1828 il·
788 1781 804 1828 d
825 1793 887 1829 tero
904 1782 958 1839 ejus
977 1795 1092 1832 occurrat
1107 1786 1209 1846 abusus,
1228 1790 1275 1846 qui

275 1845 301 1892 it
324 1843 482 1892 incommoda
512 1844 597 1892 statum
616 1846 756 1892 'naturalem
789 1843 1134 1908 irnefrequentitrinuseir,
1150 1860 1201 1896 tum
1225 1852 1276 1898 rra·

276 1905 391 1954 infestare
413 1905 499 1966 poilinr
521 1907 544 1955 dt
570 1907 683 1968 soleant,
708 1919 758 1954 non
790 1908 920 1956 tuscivilis
936 1912 1040 1959 naturali
1055 1912 1128 1970 longe
1145 1913 1272 1962 infelicior

276 1980 401 2026 negaturq
417 1970 459 2017 sed
481 1981 529 2016 nec
550 1972 636 2017 eadem
662 1985 675 2018 a
698 1971 758 2018 statu
791 1971 885 2018 censeri
895 1973 986 2031 debet,
1003 1974 1071 2032 quod
1086 1985 1122 2021 tot
1135 1972 1201 2022 bella
1212 2009 1220 2035 ,
1230 1989 1274 2025 ca·

221 2060 222 2064 =
277 2031 348 2080 civili
366 2033 463 2090 pertitus
482 2030 577 2080 absunt.
616 2035 672 2081 Hele
692 2036 758 2095 inpa-
790 2033 912 2083 iantitates
934 2036 957 2083 dt
983 2036 1057 2092 vitia,
1078 2049 1109 2084 ex
1131 2037 1205 2087 abusu
1226 2039 1272 2089 illo

277 2099 337 2143 eluat
350 2095 533 2157 rationis‚(lroc
544 2094 759 2144 scilicetantbltio·
790 2098 982 2158 provenientia,
1004 2112 1035 2147 ac
1052 2114 1065 2148 a
1085 2101 1146 2149 llatu
1166 2102 1275 2152 naturali

277 2159 333 2221 nis,
344 2161 453 2206 avaritiae
463 2192 472 2218 ‚
482 2158 759 2220 voluptstis,iujustiriae
791 2160 919 2218 ablutura,
935 2163 989 2210 satia
1002 2164 1176 2212 demonstrant.
1190 2165 1270 2215 luunt.

278 2232 309 2270 ac
327 2221 507 2269 inhumanitatis
523 2222 648 2284 monstrt,
663 2231 717 2280 quae
734 2222 761 2270 in
823 2221 868 2283 (i)
893 2224 1072 2288 daaaulaaria]
1110 2227 1205 2275 nudior
1229 2229 1272 2277 liic

278 2283 341 2333 aulis
355 2284 477 2333 dominari
498 2285 597 2344 solent,
614 2298 644 2334 ac
661 2286 719 2334 inde
734 2286 760 2334 in
790 2285 892 2337 nimium
908 2288 1023 2347 abripitur
1032 2290 1186 2351 philosophia
1200 2293 1272 2340 ilon-

278 2346 388 2397 l'ubditos
402 2359 502 2407 quoque
516 2349 648 2396 maximam
664 2359 759 2409 partem
790 2361 871 2410 assu,
890 2349 960 2406 cuius
979 2353 1054 2401 verba
1068 2353 1141 2401 etiam
1154 2355 1269 2414 apposuit

278 2412 428 2468 deveniunt,
452 2411 599 2472 ostendunt)
616 2413 758 2472 Pansam
789 2425 879 2475 aacap.
898 2427 934 2462 ιο.
952 2416 1040 2464 lasivs
1059 2417 1079 2478 §.
1099 2429 1122 2465 r.
1154 2418 1222 2465 Mala
1240 2431 1269 2463 es

278 2477 357 2536 uitat,
387 2477 455 2536 (hoc
475 2486 508 2524 ex
527 2477 655 2525 horrendis
675 2475 759 2536 perse·
790 2475 868 2535 nin,
894 2490 948 2536 quae
971 2478 1009 2526 iric
1030 2481 1062 2526 de
1084 2480 1144 2529 statu
1166 2481 1271 2530 naturali

279 2538 434 2597 cutionibus,
444 2551 505 2598 quas
517 2552 692 2600 nonnunquam
705 2541 758 2588 iub-
790 2551 952 2599 enarrantur,
977 2555 1028 2591 uon
1051 2556 1083 2591 ex
1097 2542 1151 2600 ejus
1167 2556 1270 2603 natura,

278 2601 323 2650 diti
336 2604 475 2662 partiuntur,
494 2603 517 2650 dt
537 2603 608 2652 bellis
624 2605 759 2653 crudeliter
790 2603 834 2652 sed
847 2617 879 2652 ex
893 2604 1083 2662 adfeflionibum
1101 2609 1207 2661 bellurn,
1220 2620 1270 2654 rne-

277 2665 348 2725 gestis
361 2665 523 2727 intelligitur)
537 2670 633 2716 Diaitlae
647 2671 695 2728 (de
704 2668 759 2727 quia
790 2679 846 2726 tus,
871 2681 1022 2729 paupertas,
1047 2669 1162 2724 ioeditas,
1187 2669 1272 2716 solitu·

279 2730 324 2778 bus
345 2728 488 2778 innumerus
516 2732 685 2779 mendicorum
714 2743 758 2778 ntr-
789 2731 838 2787 do,
855 2730 996 2790 barbaries,
1014 2731 1165 2788 ignorantie,
1185 2731 1270 2777 ferires

277 2803 381 2854 ruerus,
397 2791 554 2850 subditique,
572 2793 603 2839 ad
620 2793 758 2852 sunguinetn
790 2803 841 2839 non
861 2786 915 2845 sunt
931 2789 1056 2838 neceffarii
1078 2793 1181 2839 comites
1195 2792 1270 2840 statua

277 2867 357 2913 usque
377 2853 498 2909 exhausti,
524 2854 662 2914 testantur)
682 2857 757 2903 ossa·
789 2853 923 2911 naturalia,
940 2853 964 2900 in
983 2865 1057 2912 quem
1076 2854 1098 2901 dt
1117 2853 1226 2902 scientie
1245 2857 1269 2903 dt

276 2929 330 2976 rat,
344 2915 457 2974 sitierat,
481 2918 610 2978 elegantia,
637 2918 754 2979 seientia,
790 2917 975 2964 commoditates
993 2916 1050 2964 vire
1073 2918 1170 2966 cadunt.
1217 2919 1268 2966 Hic

274 2980 444 3030 haniaria-ria.-
460 2980 505 3026 Sed
516 2979 552 3026 itis
563 2978 702 3028 nominibus
712 2980 754 3028 se·
788 2977 854 3025 enirn
869 2978 942 3027 status
955 2979 1049 3027 rarione
1060 2975 1202 3030 intentionis
1212 2982 1266 3030 Dur

275 3052 309 3104 pe
325 3042 458 3092 venitatem
473 3041 647 3102 astutorum,
662 3045 754 3103 pedru-
786 3042 859 3090 ssatus
873 3042 942 3100 pacis
963 3044 998 3090 est
1022 3044 1063 3103 (r)
1087 3047 1175 3093 alito
1200 3046 1269 3104 pacis

274 3107 390 3165 rismum,
408 3118 497 3164 pravos
516 3104 618 3154 effeetus
637 3120 667 3156 ac
681 3107 757 3156 subti-
787 3105 863 3152 caussa
888 3105 1001 3155 conditus
1027 3108 1070 3168 (a)
1086 3109 1153 3166 pacis
1175 3108 1263 3155 sunda·

273 3171 312 3219 les
329 3168 429 3217 fallendi
443 3179 507 3218 artes
519 3169 583 3227 teti,
598 3181 693 3218 certum
703 3171 753 3233 eli,
787 3169 896 3216 mentis:
922 3170 1053 3219 Neminem
1074 3173 1149 3220 laedts
1164 3172 1210 3220 διο.
1226 3172 1266 3220 su·

273 3233 372 3291 liquid
398 3244 480 3280 aurem
504 3231 564 3280 boni
584 3233 613 3282 iia
635 3233 714 3293 ineli,
730 3236 755 3283 ld
786 3229 960 3291 perstructos
993 3232 1037 3295 (i)
1060 3235 1147 3283 merliis
1168 3236 1199 3282 ad
1222 3248 1266 3292 pa·

247 3322 253 3329 ·
273 3297 365 3346 astarti
380 3294 485 3344 naturali
503 3297 577 3345 etiam
588 3297 755 3357 nonrpenitus
787 3307 843 3345 cem
862 3295 1078 3357 conservandam,
1096 3298 1184 3348 officiis
1202 3297 1269 3345 scili·

217 3365 220 3370 ’
274 3363 368 3411 exulat.
786 3370 827 3406 cet
843 3360 871 3406 ati
886 3358 954 3407 illam
970 3373 1081 3408 normam
1102 3361 1265 3421 prestandis,

307 3437 331 3475 e.
352 3422 478 3473 Hasteuaa
501 3421 573 3482 igitur
600 3423 755 3483 conspiratio
785 3435 836 3469 non
856 3422 999 3471 destitutus:
1017 3422 1060 3484 (4)
1078 3426 1165 3472 nolite
1186 3423 1266 3470 felici-

271 3486 348 3537 aiatus
365 3486 481 3536 naturalis
497 3487 520 3534 dt
535 3484 616 3535 civilis
632 3499 682 3535 non
698 3488 754 3538 satis
785 3485 827 3534 tati
841 3486 863 3531 o
880 3485 1062 3535 conservationi
1082 3490 1151 3535 nulla
1169 3487 1265 3534 ratione

272 3549 342 3598 reste
361 3555 402 3599 uel
424 3549 548 3599 instituta.
567 3553 609 3598 vel
626 3550 751 3611 explicata
786 3549 944 3607 contrarius,
958 3561 1012 3607 quae
1029 3548 1073 3611 (S)
1090 3563 1131 3599 eas
1148 3551 1181 3598 ob
1195 3562 1265 3599 caus·

272 3615 380 3662 videtur.
410 3612 752 3668 Reciiusforfitaneamiurt·
785 3613 822 3661 iis
839 3611 863 3658 in
888 3613 947 3661 statu
963 3613 1067 3660 naturali
1082 3613 1198 3673 possibilis
1216 3612 1264 3660 elie

271 3675 600 3732 ratripllcemquaeliionem
619 3679 753 3736 expedies,
784 3674 933 3731 intelligitur.
975 3677 1064 3737 Quiri?
1091 3681 1158 3736 quod
1181 3687 1267 3723 natura

271 3739 317 3803 (r)
326 3739 429 3802 ’Qualia
452 3749 497 3784 rara
514 3741 627 3788 nataralia
640 3756 706 3804 qaaaa
721 3745 762 3789 riv
783 3741 848 3805 laune
860 3739 944 3786 statum
960 3741 1065 3788 maxime
1078 3740 1195 3799 intendit,
1208 3750 1264 3795 que

270 3806 343 3856 vilis,
364 3801 437 3861 [datar
455 3816 484 3847 aa
504 3803 624 3851 iaraarr'ana
649 3806 694 3851 Dal
714 3804 752 3866 affl
784 3800 1133 3862 homineslilterosprocreat.
1150 3804 1263 3858 adeoque

270 3867 368 3917 daiaari
385 3866 495 3922 Uterque
521 3863 617 3912 socialis
635 3867 750 3925 Melit,
785 3865 910 3914 &liberos
926 3867 973 3914 elie
992 3867 1079 3915 voluit.
1112 3867 1157 3915 iiia
1178 3876 1264 3912 tamen

272 3930 319 3991 (a)
334 3931 491 3993 Qualrsjatcra
507 3929 616 3976 araliriaar
634 3931 752 3979 maan
783 3929 888 3977 felicitas
906 3929 979 3977 status
996 3929 1111 3979 naturalis
1132 3929 1264 3985 impeditur

273 3993 312 4054 affl
328 3995 420 4051 saltari
451 3992 562 4047 Uterque
581 3990 705 4043 insocialis
729 3996 753 4042 dt
785 3992 878 4046 abipso
891 3993 990 4041 homine
1001 3988 1264 4049 permatitiamotinfl·
1306 4039 1312 4049 ,

272 4056 380 4116 infelix,
399 4055 444 4116 (3)
465 4055 547 4118 Qualis
562 4066 602 4114 par
618 4058 689 4105 madia
711 4060 752 4106 ia·
784 4054 1265 4114 nitecorruptionisrndoremmuaetan-

273 4135 342 4177 ηιμ
362 4118 401 4179 affl
422 4121 511 4182 qaaati
540 4117 605 4167 Heic
627 4118 752 4170 fatentium
784 4130 810 4167 to
826 4131 911 4167 errore
924 4118 1035 4175 migravit
1046 4117 1130 4174 agendi
1146 4129 1266 4173 normas,

273 4183 323 4239 ed,
341 4181 405 4240 quod
428 4182 488 4230 civit
511 4182 583 4241 magis
607 4182 705 4233 socialis
728 4185 750 4232 dt
784 4193 811 4230 ut
824 4179 1022 4229 extraordinariis
1033 4179 1185 4228 adminiculis
1199 4193 1264 4238 opus

271 4245 374 4294 felicior
396 4244 442 4293 eise
460 4245 529 4305 polr'tt
548 4243 668 4305 naturali,
696 4259 751 4296 cum
784 4243 871 4301 fuerit,
881 4241 993 4288 nomines
1009 4242 1071 4289 intra
1086 4246 1212 4291 cancellos
1221 4254 1266 4289 ex·

272 4321 320 4367 per
334 4307 465 4366 imperium
479 4307 553 4357 civile
564 4305 655 4357 malitia
668 4314 751 4359 numa·
784 4305 849 4353 tetni
861 4306 946 4352 saltem
961 4304 1034 4353 officii
1044 4307 1177 4354 coercendi
1189 4307 1263 4354 &de-

170 4423 173 4427 ,
272 4383 307 4421 ut
324 4369 445 4423 affimciua
458 4369 577 4434 reprimi,
593 4383 622 4423 ac
634 4373 698 4426 adeo
706 4371 751 4422 io·
784 4366 876 4419 fluendi
887 4368 969 4428 ,iuter
981 4379 1038 4430 {¹¹2
1046 4370 1134 4424 cilius
1145 4378 1271 4430 ‘wilm

513 4479 515 4484 .
1223 4445 1271 4481 ts·
