3034 5509
250 657 323 732 noo
414 637 496 710 Dr
545 632 840 708 Orrtero
890 630 1084 713 Crura

250 813 332 884 dem
358 809 429 907 (l).
479 808 545 883 Sed
563 809 597 882 in
616 832 659 884 eo
675 807 843 906 iniignem
869 807 950 908 (m)
976 808 1080 883 habet
1103 816 1274 888 comno·'

251 931 416 982 ntrtrrn
432 908 640 981 Monarchia
654 929 726 1000 prae
743 908 880 1004 reliquis
896 905 1018 981 formis
1035 906 1130 1008 (n),
1153 913 1251 1008 quod

252 1014 287 1084 in
305 1030 346 1081 ea
373 1027 409 1081 ut
431 1005 687 1080 deliberetur&
708 1007 932 1095 decernatur,
960 1005 995 1080 id
1019 1003 1092 1097 est,
1121 1029 1159 1083 ut
1180 1009 1250 1086 int·

251 1109 385 1205 perium
405 1102 482 1179 actu
505 1124 728 1194 exerceatur,
763 1127 832 1178 non
855 1126 944 1200 opus
967 1103 1008 1177 srt
1031 1109 1249 1203 temporibus

254 1207 292 1281 dt
311 1206 393 1277 locis
411 1197 597 1290 condictis,
628 1202 684 1275 sed
701 1204 826 1298 quovis
847 1203 926 1276 ioco
948 1199 988 1275 dr
1011 1218 1174 1301 tempore
1187 1207 1249 1280 de·

254 1304 390 1378 liberari
407 1300 445 1375 dt
462 1301 599 1375 decerni
618 1299 743 1396 poffit3
768 1299 815 1373 fic
835 1321 872 1373 ut
895 1301 1093 1376 Monarcha
1114 1305 1251 1400 semper

253 1405 290 1476 in
313 1401 470 1497 proxima
496 1397 536 1471 srt
561 1400 713 1495 potentia
738 1401 781 1473 ad
809 1398 903 1474 adius
922 1400 1056 1493 imperii
1077 1424 1250 1477 exercen-v

247 1503 329 1575 dos.
382 1499 448 1572 Sed
468 1518 503 1570 ut
520 1497 719 1590 Optimates
735 1495 773 1572 dr
797 1498 969 1591 Populus,
995 1498 1148 1590 quinon
1173 1501 1252 1575 sont

257 1624 324 1673 una
347 1598 491 1694 persona
516 1596 701 1684 naturalis,
735 1597 941 1683 decernant,
978 1595 1152 1670 neceffum
1178 1597 1249 1690 est,

258 1719 296 1786 ut
323 1717 420 1771 cerro
441 1700 520 1768 loco
546 1694 584 1770 dc
607 1714 766 1793 tempore
792 1693 1021 1786 conveniant,
1054 1695 1175 1794 ibique
1202 1697 1253 1770 su·

1189 1817 1252 1892 per

258 1995 282 2052 ua
312 1991 467 2042 celerrimam
506 1992 698 2052 executionema
725 1997 742 2045 st
773 1994 823 2046 illis
836 1993 986 2056 speciebus,
1002 1991 1166 2043 Democratia
1182 1993 1255 2062 bube-

259 2058 336 2105 morln
357 2060 464 2116 populus
486 2057 579 2106 booutu
603 2059 751 2119 Principem,
775 2071 814 2108 tur
833 2073 879 2120 pro
897 2058 1074 2119 antiquilbma,
1090 2059 1142 2108 dre.
1155 2068 1180 2114 s.
1198 2054 1255 2120 §.a

259 2120 433 2180 nanciscatur,
455 2121 504 2168 line
526 2133 576 2178 qno
592 2134 692 2180 reanum
709 2123 743 2170 est
776 2123 818 2171 sed
834 2137 866 2171 ex
884 2123 1009 2181 hyporien
1027 2120 1121 2183 dubia,
1145 2125 1214 2179 quod
1227 2123 1255 2170 li·

260 2184 392 2241 instabile,
411 2186 434 2230 dt
456 2183 481 2231 in
503 2183 658 2233 latrocinium
685 2198 743 2236 con·
776 2187 835 2235 bera
854 2190 984 2236 voluntate
1001 2184 1113 2234 civitates
1133 2187 1181 2233 lint
1198 2197 1256 2234 coo·

262 2249 374 2294 verritur.
415 2250 508 2294 seneca
528 2248 547 2293 Ι.
569 2249 596 2296 do
619 2251 685 2297 Clam.
706 2263 744 2310 19.
775 2253 882 2311 iliturae,
897 2251 968 2310 hinc,
984 2250 1001 2298 fl
1017 2247 1127 2307 sequaris
1140 2247 1181 2307 id,
1192 2248 1256 2307 quod

262 2311 375 2366 Natura,
401 2310 448 2370 ait,
465 2323 583 2359 commenta
603 2310 634 2370 ast
647 2316 744 2374 Regant
776 2325 829 2362 not.
845 2315 874 2361 ad
892 2325 912 2358 c.
930 2324 952 2367 5,
968 2307 991 2370 b.
1009 2324 1032 2372 9.
1049 2313 1072 2363 h.
1087 2315 1104 2359 1·.
1119 2311 1159 2359 Ιὶῑ.
1174 2311 1221 2375 (f)
1234 2326 1257 2361 Ι.

264 2376 322 2438 quad
343 2373 369 2422 ἔν’
384 2389 412 2420 erc
431 2375 482 2421 aiir'r
496 2377 628 2423 animalibus
645 2378 695 2424 licat
712 2393 746 2424 ca·
778 2379 802 2427 6.
818 2376 938 2435 adstruxi,
954 2387 1000 2434 pro
1011 2375 1160 2424 Monarcbia
1178 2375 1256 2434 potins

262 2439 378 2500 gnoscere,
395 2437 420 2486 d
434 2452 463 2485 sa
478 2440 574 2499 apibus,
589 2455 683 2500 qaam·
700 2443 747 2487 Re·
778 2440 991 2500 pronunciandum
1003 2438 1066 2498 etit,
1080 2439 1256 2490 esttamunbu·

263 2500 454 2565 1iamp1ifflnraar
474 2505 545 2551 cubile
564 2502 611 2563 ιβ’,
637 2505 748 2565 aratoque
778 2504 818 2561 jus
833 2501 1003 2562 disquilitionis
1022 2504 1090 2550 nulia
1112 2505 1155 2550 vei
1173 2502 1256 2561 exitii!

265 2581 293 2612 ac
313 2566 415 2625 tarlfflau
438 2566 489 2614 loeo.
532 2567 604 2614 Plura
626 2568 657 2614 de
681 2565 749 2626 tegni
778 2567 877 2616 utilitas.
913 2567 1057 2613 Decaetero
1072 2566 1257 2625 nonaninntirl

170 2652 172 2660 s
266 2629 408 2688 praestantia
433 2629 524 2685 Lin'fins
556 2630 691 2679 cumulavit
716 2631 748 2677 ll.
780 2631 938 2679 Aristocratla
955 2628 1260 2688 acoemocnrla‚quan

265 2694 391 2742 filiurn.
407 2694 688 2753 &Manispolialinn
706 2693 748 2752 (4)
780 2694 925 2742 Monatcbia
952 2704 1038 2740 uerum
1058 2691 1195 2752 Imperium
1221 2689 1259 2739 cl·

186 2784 189 2791 ι
267 2755 337 2803 Sicut
357 2753 415 2801 nibil
433 2756 457 2802 in
476 2758 524 2803 ‘bac
543 2756 593 2802 vita
616 2757 650 2802 eil
668 2757 749 2814 perle-
782 2758 834 2805 vile
848 2767 981 2803 occurrere
1001 2754 1068 2802 tecle
1088 2755 1137 2804 dici
1154 2756 1260 2814 videtur,

268 2817 355 2875 dium,
378 2817 410 2864 ita
435 2830 522 2866 omnes
545 2819 633 2868 formae
657 2820 698 2866 sua
715 2819 751 2866 in·
783 2834 812 2868 ac
829 2820 933 2878 amplius
947 2818 1072 2881 afferirut,
1089 2820 1114 2868 ἰ.
1127 2834 1147 2868 s.
1164 2831 1187 2876 s.
1201 2819 1223 2883 ς.
1237 2829 1260 2874 ⁵·

269 2883 402 2926 commoda
417 2881 506 2928 habent
522 2881 543 2928 dt
559 2884 703 2940 commoda,
719 2885 751 2928 de
784 2885 881 2931 Tlrtus.

270 2943 361 3000 quibus
376 2942 494 2990 facundus
514 2956 599 2989 orator
615 2944 639 2990 in
660 2957 765 2992 uttam·
817 2947 871 3006 (m)
890 2947 933 2994 sla
945 2950 970 2999 in
982 2945 1147 3008 αἰσίμη.
1174 2944 1260 3005 Deba·¹

274 3019 323 3064 que
335 3017 430 3063 partem
445 3006 571 3063 splendide
581 3007 696 3055 differere
706 3021 751 3066 po·
785 3009 835 3059 bitu
848 3012 990 3068 lingularum
1007 3009 1162 3066 specterum,
1179 3020 1211 3056 ex
1221 3018 1260 3068 ge·

272 3069 336 3123 test3
363 3081 410 3114 nec
430 3081 515 3127 magna
535 3083 615 3118 tamen
634 3071 686 3126 ejus
702 3073 751 3121 dis·
784 3073 908 3121 neralibus
919 3072 1064 3132 principiis,
1088 3085 1109 3120 c.
1125 3073 1150 3120 6.
1170 3071 1262 3135 §.titt

273 3132 423 3189 centurionis
442 3133 475 3179 est
491 3132 597 3181 utilitas:
613 3148 668 3182 nam
687 3137 751 3194 opti·
784 3141 801 3186 l.
817 3137 853 3184 lit.
867 3135 908 3197 (a)
924 3155 947 3184 a.
963 3136 1051 3198 nsaqq.
1069 3135 1215 3194 inculcatis,
1227 3132 1263 3193 itt·

273 3209 313 3245 mn
325 3195 404 3243 forma
419 3197 468 3255 est,
485 3209 539 3255 quae
555 3211 609 3245 cum
624 3197 696 3256 genio
706 3213 751 3257 po·
784 3201 913 3249 dicandum
927 3200 971 3260 cst,
992 3202 1046 3246 add.
1061 3201 1084 3247 d.
1101 3201 1118 3249 l.
1133 3199 1189 3247 vll.
1205 3213 1224 3247 a.
1241 3208 1268 3252 s.

273 3258 326 3321 puri
344 3259 462 3318 cujusque
479 3272 552 3319 quarn
569 3264 675 3309 maxime
693 3275 752 3310 con·
784 3267 806 3328 ς.
824 3266 847 3312 6.
860 3276 883 3319 7.
900 3266 923 3310 8,
942 3275 966 3320 9.
998 3264 1059 3324 Quae
1070 3273 1151 3311 autern
1161 3261 1194 3309 de
1203 3272 1264 3320 pta·

275 3322 353 3373 venit.
377 3324 422 3384 (5)
437 3324 476 3370 Est
488 3326 611 3385 quoddam
621 3326 701 3385 'genus
711 3341 752 3373 na·
784 3328 893 3386 rogativa
907 3325 1077 3378 Monarcbiae,
1101 3327 1184 3383 quotu
1200 3327 1264 3373 cele·

273 3400 328 3437 tura
349 3386 440 3436 factum
467 3388 498 3434 ad
517 3388 610 3437 Herum
633 3390 753 3448 recipien·
783 3395 880 3440 ritatem
897 3390 1036 3449 operandi,
1061 3387 1116 3436 heic
1135 3388 1196 3436 dicit
1213 3389 1262 3436 Att-

274 3453 348 3510 dum,
363 3453 428 3500 aliud
443 3452 471 3498 ad
485 3453 596 3511 Regem,
614 3454 678 3501 alind
695 3453 753 3502 Rei·
786 3456 850 3510 dior,
871 3453 912 3500 illa
922 3453 1047 3512 pertinent
1058 3453 1086 3500 ad
1097 3451 1265 3500 Monarchian

273 3515 382 3574 publicae
405 3523 495 3575 aptum
513 3517 535 3561 cc
561 3518 704 3573 equalitatis
729 3532 754 3564 a·
785 3520 924 3577 absolutam,
943 3529 992 3563 oon
1009 3519 1145 3577 limitatam
1163 3525 1264 3573 preter·

274 3591 360 3638 mans,
384 3579 419 3627 uti
443 3580 536 3628 constat
560 3583 701 3641 exemplis,
724 3583 754 3628 ab
786 3597 814 3630 ea
830 3595 879 3628 non
896 3580 1031 3638 evincunt,
1054 3582 1120 3636 quoti
1136 3579 1195 3626 ideo
1209 3578 1265 3626 Mo·

274 3641 408 3689 Aristotele
423 3643 500 3693 allatis
515 3645 567 3690 vll.
583 3647 631 3693 Pal.
649 3657 672 3700 7.
711 3646 754 3705 (6)
786 3644 883 3692 nutritio
906 3644 1001 3691 caeteris
1031 3642 1157 3690 ciuitatum
1182 3639 1268 3691 formis

273 3704 380 3759 Veteres
411 3718 491 3753 aurem
520 3708 598 3764 pnsum
617 3708 756 3756 libertatem
786 3708 898 3770 praeferri
915 3709 1012 3754 debeat.
1045 3707 1121 3756 lonnt.

276 3780 324 3825 pto
351 3767 428 3815 libera
452 3769 589 3828 Republica
612 3773 755 3829 posuerunt.
817 3771 874 3832 (n)
899 3774 951 3820 Prae
973 3771 1063 3828 uliquis
1079 3767 1190 3831 firmr'r}
1226 3768 1266 3818 De

275 3833 405 3881 Senecada
415 3834 499 3894 Tranq.
509 3836 578 3881 anim.
595 3846 644 3888 es.
659 3838 714 3895 Ejus
728 3839 755 3881 ll·
787 3836 922 3883 formatum
944 3831 1269 3891 reipublico³1rraerngatlva

272 3897 385 3944 ‘latrarem
406 3898 498 3946 liburias
516 3914 560 3945 naa
578 3899 649 3958 ralis,
675 3901 757 3950 &Lit-
790 3898 987 3955 multaquidem,
1007 3896 1048 3941 sed
1058 3896 1148 3943 inutilis
1164 3895 1198 3943 est
1209 3906 1269 3942 con·

278 3969 352 4010 canus
366 3960 409 4009 111.
424 3958 457 4019 vfi
477 3971 530 4020 145.
789 3966 923 4011 troversia:
936 3963 966 4007 de
980 3959 1009 4007 iis
1027 3959 1091 4006 enirn
1108 3971 1181 4017 eque
1194 3970 1224 4004 ac
1239 3958 1270 4005 tle

789 4028 895 4086 nullibus
928 4037 977 4071 non
1008 4021 1042 4069 est
1075 4023 1272 4081 disputandum-⁶

307 4109 363 4123 -
384 4090 475 4136 libarrar
490 4091 582 4152 papali,
605 4103 667 4150 qam
690 4106 759 4155 rigna
790 4094 847 4138 dum
872 4088 926 4153 pati
942 4085 1064 4137 soliditate
1084 4087 1107 4134 dt
1124 4085 1273 4144 npiolonunt

341 4155 456 4210 colrconr,
617 4175 618 4180 =
727 4166 729 4170 ⁴
789 4153 1006 4201 verosimilitudine
1026 4144 1273 4206 abomniparrcdi·

309 4214 505 4277 leerraroptrlt.
570 4219 653 4266 Orro.
789 4218 896 4274 sceprarl
916 4216 985 4262 solet.
1020 4213 1213 4262 Omneslrabent
1230 4211 1272 4258 sua

641 4277 645 4283 '
790 4281 935 4328 commoda:
950 4280 1063 4326 laborant
1075 4288 1176 4335 qnoque
1185 4284 1275 4323 omnes

310 4338 403 4400 (l)1n
422 4343 518 4388 malias
531 4341 586 4399 bisce
604 4343 685 4405 fomis
696 4353 755 4400 pota·
789 4342 953 4390 incommodis
971 4341 1029 4390 suls.
1046 4342 1140 4390 Formae
1156 4339 1275 4399 praelian-

271 4401 320 4500 με
335 4403 420 4470 atriden
435 4405 465 4465 asi
479 4404 583 4469 κάη.
624 4406 666 4468 Ex,
679 4406 756 4458 tribus
788 4406 822 4457 tia
842 4420 894 4468 pte
913 4404 1017 4469 reliquls
1039 4416 1108 4468 patet
1124 4415 1157 4458 ea
1182 4400 1274 4516 macjoctnti
