3034 5509
258 628 264 639 ·
383 597 459 697 986
528 592 675 665 Norat
707 590 772 688 Jo.
807 589 1135 669 Bananrttactt
1158 590 1248 666 dre.-

841 765 866 840 ς.
905 766 944 826 x.

422 879 546 939 Contrahi
557 874 658 955 taffo}
698 877 729 937 Si
743 875 885 947 injustitia
901 877 1003 937 horum
1018 877 1154 950 jussorum
1179 879 1331 951 conscius,
1353 879 1393 939 ad

384 957 434 1021 iila
458 954 635 1029 exsequenda
657 956 721 1028 quis
743 957 819 1012 uitro
844 953 980 1014 obtulerit
1005 955 1190 1014 ministerium
1215 956 1314 1025 suum,
1338 970 1391 1016 aut

382 1035 473 1100 illud,
495 1050 557 1090 curn
573 1031 680 1105 nosset,
700 1048 759 1090 non
776 1030 992 1091 detrectaverit:
1014 1036 1036 1092 is
1055 1049 1134 1092 certe
1155 1035 1329 1109 compiicem
1362 1034 1391 1093 se

382 1111 478 1175 reddit
492 1110 616 1174 sceleris,
626 1120 794 1184 partemque
808 1109 882 1167 adeo
897 1108 1020 1190 infamia
1040 1110 1115 1184 apud
1133 1127 1234 1169 omnes
1249 1114 1392 1169 cordatos

384 1191 463 1247 viros
480 1188 507 1245 io
520 1187 546 1244 se
564 1185 682 1244 derivat.
704 1186 793 1263 Quod
814 1185 835 1243 ss
850 1199 945 1245 autem
965 1200 1044 1245 metu
1058 1192 1156 1247 mortis
1171 1206 1219 1246 aut
1234 1192 1333 1263 gravis
1351 1189 1393 1245 ai-

384 1267 472 1325 terius
496 1265 561 1320 maii
588 1266 624 1320 ad
653 1261 789 1320 obeunda
805 1262 947 1335 eiusmodi
964 1264 1034 1336 jutta
1057 1265 1157 1337 iniusta
1185 1266 1299 1324 adactus
1326 1265 1392 1328 fue·

385 1345 445 1410 rit;
464 1339 515 1399 etfi
530 1339 602 1397 istud
617 1341 646 1398 in
661 1338 728 1399 foro
744 1340 861 1411 divino,
882 1357 967 1417 prout
991 1341 1058 1401 alibi
1078 1343 1218 1401 ostensum
1243 1342 1303 1410 est,
1327 1359 1392 1401 non

382 1419 467 1494 plane
480 1417 610 1475 excuset:
630 1415 753 1489 postulat
769 1431 865 1477 tamen
881 1420 1007 1481 humana
1023 1422 1218 1498 imbecillum,
1240 1437 1277 1479 ne
1299 1421 1393 1483 ullam

383 1498 457 1559 inter
470 1496 600 1557 homines
616 1493 680 1575 talio
700 1494 779 1554 casus
795 1496 934 1556 maculam
954 1497 1080 1559 inducat.

735 1635 917 1709 Caena
957 1637 1043 1697 XV.

818 1748 844 1823 ς.
884 1749 943 1806 ΙΙ.

424 1869 502 1939 Circo
524 1865 598 1944 usam
623 1865 794 1945 eorundem}
845 1867 913 1924 Huc
935 1865 1096 1928 referuntur
1125 1867 1197 1944 legar
1215 1863 1392 1944 summaria,

389 1949 466 2021 leges
483 1960 583 2002 contra
599 1947 702 2009 oleam,
723 1958 824 2001 contra
835 1944 959 2020 prodigos
974 1944 1028 2003 dre.
1157 1960 1160 1965 ·

420 2025 481 2081 Aut
495 2022 566 2077 cirea
588 2018 724 2101 inodumj.
765 2019 806 2075 Ut
828 2034 892 2078 cum
914 2034 1046 2080 vetantur
1067 2020 1171 2096 privati
1196 2019 1271 2077 nitra
1293 2018 1393 2077 defini-

387 2112 447 2160 tum
471 2111 621 2154 numerum
646 2096 775 2168 jugerum
798 2097 858 2173 agri
881 2113 1002 2168 emere,
1020 2115 1056 2156 ne
1080 2100 1195 2156 nimiam
1218 2100 1393 2171 conquirant

385 2172 586 2254 poffeffionum
606 2168 840 2247 amplitudinem,
868 2191 963 2250 eoque
988 2176 1112 2234 enormis
1136 2175 1260 2250 ipsorum
1283 2173 1393 2235 evadat

407 2266 528 2314 otenrra.
918 2269 925 2307 .·

384 2274 405 2335 p
426 2325 664 2412 Quoniamque}
687 2326 1076 2402 Sicprobibitumestemere
1091 2340 1200 2388 certum
1213 2344 1306 2402 genus
1322 2343 1394 2385 rner-

389 2411 491 2476 cium,
520 2406 549 2463 in
565 2407 662 2479 primis
688 2409 890 2475 erronearum,
909 2420 958 2466 aut
976 2423 1053 2467 certa
1078 2409 1180 2474 bona;
1207 2405 1394 2478 quemadmo-

389 2488 499 2544 dume.
519 2497 546 2554 g.
569 2483 631 2555 lege
652 2482 733 2560 Mofis
748 2481 856 2544 fundos
875 2502 911 2544 ex
925 2502 980 2543 una
1005 2487 1081 2544 tribu
1096 2481 1251 2541 transferre
1274 2486 1304 2542 in
1327 2498 1394 2552 eos,

390 2564 440 2638 qui
456 2558 572 2617 alterius
590 2562 678 2618 tribus
697 2559 800 2623 essent,
823 2564 1013 2620 oon'iicebat.

426 2637 476 2694 Uti
495 2631 532 2704 δ’
554 2641 681 2713 rationem
694 2635 716 2712 ].
759 2640 825 2697 Hoc
843 2641 970 2697 cernitur
986 2643 1014 2697 in
1034 2639 1234 2701 donationibus,
1256 2633 1396 2710 testamen·

390 2719 443 2778 tis,
466 2713 580 2786 legatis,
599 2729 661 2786 qua
675 2730 727 2788 per
756 2713 832 2785 leges
850 2719 986 2792 cujusque
1007 2718 1131 2777 civitatis
1150 2715 1247 2786 saepius
1263 2731 1325 2771 non
1346 2713 1396 2770 nist

392 2792 516 2857 adhibits
532 2791 620 2847 certis·
632 2790 876 2862 solemnitatibus,
900 2810 948 2850 aur
964 2795 1127 2867 ingratiam
1146 2793 1325 2865 aliquorum,
1346 2803 1396 2849 aut

391 2868 545 2949 prastituta
558 2870 696 2941 portione
707 2868 766 2927 dre.
787 2869 848 2928 fieri
864 2871 988 2946 poffont.
1108 2877 1110 2881 '
1300 2878 1303 2883 ’

717 3006 1061 3096 CaruTXVI.

829 3126 855 3200 t.
897 3128 954 3186 11.

389 3213 393 3227 '
432 3221 600 3300 Qffeassoum
623 3225 761 3302 dicitur]⁸
802 3229 943 3288 Accorate
976 3230 1143 3303 loquendo,
1164 3227 1309 3287 distiniiio
1331 3229 1399 3286 heiii

393 3301 422 3360 in
439 3299 606 3379 roffenfivum.
629 3301 656 3360 dt
676 3301 857 3381 &frustatim
876 3307 954 3364 heito
976 3309 1050 3378 justo
1073 3326 1107 3364 ac
1129 3305 1233 3376 injusto
1255 3307 1398 3380 oquaiirer

396 3380 541 3437 convenit
583 3380 660 3438 Vide
685 3381 931 3455 quantitatum
955 3387 1037 3462 adJ.
1066 3387 1105 3444 N.
1136 3384 1220 3443 &G.
1245 3386 1293 3442 iiia.
1313 3382 1398 3443 VIII.

395 3470 452 3531 cap.
470 3465 498 3518 6.
520 3460 546 3533 ς.
567 3473 595 3528 3.
614 3473 667 3518 not.
691 3476 718 3531 3.

827 3538 854 3612 i·
894 3540 965 3608 Iit

429 3641 574 3715 Beiiopeti
592 3639 696 3719 ΝΜ.
732 3644 761 3702 Si
786 3663 885 3703 revera
911 3648 1012 3705 noxius
1035 3647 1085 3714 stt,
1106 3645 1219 3703 tradere
1244 3662 1312 3704 eum
1332 3646 1401 3704 civi·

395 3733 455 3783 tas.
476 3732 525 3774 aut
547 3722 646 3790 punire
667 3721 725 3793 ipsa
745 3721 833 3780 debet
892 3724 1021 3781 Auctoris
1051 3736 1145 3781 autem
1170 3722 1275 3781 decifio
1301 3726 1403 3780 nititur

394 3797 464 3855 falsa
479 3794 630 3868 hypothefl
650 3799 820 3855 exemtionis
838 3801 874 3854 ab
891 3804 968 3859 omni
992 3801 1171 3869 obligatione
1189 3802 1243 3870 juri
1268 3800 1400 3868 infligen-

374 3913 376 3918 -
399 3872 499 3931 datum
515 3889 660 3931 ooenarum
677 3876 930 3950 correspondente.
971 3879 1047 3938 Vide
1066 3877 1138 3937 dieta
1156 3879 1193 3937 ad
1211 3878 1236 3955 J.
1255 3877 1293 3937 N.
1312 3875 1340 3933 a
1362 3876 1403 3934 G.

398 3953 445 4014 iio.
466 3949 552 4012 VIII.
571 3963 628 4026 cop.
650 3967 676 4023 3.
695 3955 720 4030 ς.
741 3973 770 4028 4.
791 3968 844 4013 not.
866 3960 892 4017 8.

840 4076 866 4151 i.
908 4075 946 4136 x.

434 4172 474 4229 Ua
488 4177 608 4232 extranei
620 4173 643 4250 ].
682 4175 780 4236 Modo
800 4177 882 4236 causa
905 4179 1044 4252 querendi
1069 4179 1201 4238 constans
1229 4176 1350 4253 quidem
1374 4176 1405 4236 tir

397 4260 432 4303 ac
449 4248 572 4321 liquida.
595 4265 680 4327 atque
698 4255 823 4324 usurpari
848 4238 918 4312 titud
939 4257 1093 4314 remedium
1119 4257 1226 4314 utiiitas
1254 4256 1329 4315 ferat
1351 4260 1404 4314 rei·

397 4324 526 4415 publico.
558 4329 632 4391 Vide
644 4345 745 4394 notata
761 4332 797 4393 ad
815 4334 838 4411 J.
848 4332 980 4397 Nono.
1000 4336 1049 4395 iii.
1075 4335 1160 4398 VIII.
1181 4347 1238 4411 cap.
1261 4341 1290 4396 ό.
1308 4333 1406 4469 §EII
