3034 5509
302 616 496 689 nusum
527 613 813 686 Perennem.
847 611 942 686 Ltn.
968 610 997 685 Ι.
1071 638 1143 715 953

149 789 166 845 .’
205 787 292 848 Tacite
309 786 459 866 rrgiceuir3
476 783 551 859 nuti.
593 786 627 842 ti.
647 802 673 858 g.
694 782 713 839 fi
732 785 795 858 quis
817 786 943 843 ambiens
959 786 1080 859 puellam
1100 807 1153 850 nu·

164 869 246 937 ptiis,
270 883 330 922 eam
351 868 469 923 diuitem
490 863 562 927 elle,
583 861 773 925 autnobilem
792 865 947 934 existimet:
974 864 1021 920 etfi
1038 865 1065 922 in
1082 865 1150 926 falsa

159 942 216 997 lrnc
232 943 369 1014 opinione
387 951 519 1010 parentes
537 935 624 1010 ipsum
644 935 771 1003 siverint,
801 951 848 994 aut
870 938 1065 997 detinuerint:
1087 957 1148 1001 non

162 1015 230 1072 ideo
253 1019 343 1076 minus
364 1015 457 1073 valida
478 1015 583 1072 suerint
603 1011 762 1083 sponsalis:
781 1010 847 1069 dutn
862 1014 938 1070 nulla
959 1016 1050 1072 exiiet
1073 1018 1149 1074 clau·

163 1091 238 1159 suln,
259 1109 314 1166 qua
335 1092 486 1163 adpareat,
516 1090 543 1144 in
568 1104 632 1145 eum
649 1097 756 1145 tantum
773 1087 862 1144 essum
880 1088 1007 1162 sponsum
1029 1108 1061 1146 ea
1077 1110 1147 1150 con·

159 1167 289 1235 irniside,
310 1183 370 1243 quo
386 1166 490 1223 nobilis
504 1161 617 1237 puella,
638 1176 685 1221 aut
698 1175 801 1238 potens
820 1165 922 1238 opibus
937 1167 1043 1223 suerin
1054 1166 1145 1246 Quip·
1240 1174 1247 1185 ‘

157 1258 194 1315 pe
208 1245 280 1299 citra
294 1247 378 1301 talem
405 1241 569 1308 clausulam,
584 1238 760 1308 -non‘magis
783 1239 888 1296 divitia
903 1241 932 1297 in
951 1241 1071 1314 sponsa,
1098 1259 1148 1305 aut

159 1319 295 1376 nobilitas
310 1316 422 1392 generis
441 1316 475 1374 ad
491 1316 636 1373 essentiam
650 1313 872 1388 sponsaliorum,
900 1332 985 1389 quam
1005 1316 1146 1390 elegantia

158 1395 304 1465 corporis,
325 1393 441 1451 faciunt.
486 1393 563 1449 Idem
588 1389 761 1449 sentiendum
784 1389 821 1447 de
842 1390 918 1459 casu,
947 1408 1031 1464 quem
1057 1395 1147 1456 resert

159 1469 275 1526 Crcsno
295 1471 326 1527 de
351 1465 430 1540 Offic.
449 1469 493 1525 lilr.
514 1465 568 1524 lll.
589 1462 712 1538 ropsrt'.
731 1468 819 1522 modo
833 1482 892 1522 non
914 1468 1015 1525 diserte
1029 1469 1146 1539 quidem

157 1545 273 1621 Pythius
302 1546 378 1604 Canio
401 1543 582 1606 asseruisset,
610 1543 730 1600 hortulis
754 1540 807 1598 suis
836 1542 928 1599 adesse
950 1545 1081 1617 quotidie
1105 1549 1146 1618 pi.

154 1620 311 1680 scatores:
346 1636 431 1696 arque
461 1619 615 1692 conspesiis
643 1617 684 1674 ibi
714 1620 789 1679 forte
816 1617 862 1674 illa
888 1620 934 1676 die
960 1619 1145 1694 piscatoribus

155 1695 253 1754 Canius
272 1697 343 1755 ultra
357 1697 430 1755 haud
444 1709 651 1770 percontatus,
664 1694 829 1761 consuetum
846 1695 874 1753 id
893 1711 979 1754 omne
1000 1692 1072 1764 elie,
1102 1697 1145 1764 in·

154 1772 192 1828 de
208 1773 398 1847 reputaviilet.
584 1780 586 1784 '

560 1924 739 1998 §.nuru
808 1922 813 1930 ·

189 2079 246 2164 Qui
261 2077 378 2154 confidit*
390 2079 464 2136 illius
480 2073 606 2153 prumiffis
622 2074 659 2147 ἐξ
673 2078 773 2143 nodis,
794 2080 868 2156 crti].
910 2079 998 2140 Tales
1018 2083 1080 2142 suut
1100 2088 1140 2159 pi·

149 2173 231 2228 rosc,
248 2157 356 2234 ficnrii,
378 2158 537 2221 meretrices,
563 2155 633 2211 atiel
654 2152 715 2224 &n
765 2157 954 2234 Quantumvis
976 2159 1050 2215 enim
1070 2163 1144 2220 male

150 2234 185 2290 de
208 2236 235 2289 id
256 2251 343 2304 genus
366 2232 530 2288 hominibus
556 2229 721 2288 sentiamus:
745 2248 782 2286 eo
805 2232 865 2302 ipso
890 2244 1005 2296 tamen,
1027 2233 1092 2292 dum
1107 2239 1143 2296 ad

146 2306 342 2381 paciscendum
359 2323 422 2362 cum
445 2307 478 2362 iis
493 2305 566 2363 serio
581 2321 614 2361 ac
635 2305 724 2367 linere
739 2306 920 2372 accedimus,
939 2308 1136 2378 declaramus,

147 2402 208 2442 non
224 2381 349 2439 sufficere
369 2397 469 2438 corum
488 2381 573 2446 vitia,
594 2381 746 2452 quominus
771 2379 832 2452 ipsis
857 2381 926 2437 fides
941 2398 957 2436 a
972 2384 1054 2438 nobis
1070 2403 1142 2458 que7

149 2474 178 2516 ar
199 2458 312 2520 haberi:
334 2457 468 2513 hasiensis
493 2463 528 2514 'ac
548 2470 611 2513 cum
634 2456 731 2528 probis
747 2460 928 2530 cordatisque
948 2457 1072 2529 agimus:
1093 2459 1141 2516 ad·

150 2551 245 2608 eoque
259 2532 438 2607 exceptioni,
461 2550 523 2605 quas
539 2547 574 2588 ex
589 2531 712 2601 ipsorum
727 2532 852 2588 moribus
866 2533 925 2603 peti
937 2545 1051 2608 poterut
1064 2533 1141 2596 circa
1166 2558 1168 2563 ·

148 2615 321 2669 renuendam
336 2607 408 2682 pasis
426 2607 644 2681 impletionem,
666 2609 877 2666 renunciamus.

572 2760 722 2836 priv.
820 2728 824 2734 ’

133 2989 136 2994 .
185 2916 290 2994 Propter
303 2927 398 2976 anetum
414 2935 429 2974 a
444 2918 521 2974 sertin
536 2911 698 2990 irrcuffum].
735 2912 809 2974 Utfi
824 2933 849 2973 c.
866 2935 893 2991 g.
909 2917 937 2974 in
952 2921 1139 2997 manus-pira,
1153 2934 1161 2946 ¹·

148 3006 237 3052 tarum
257 3009 305 3050 aut
320 2997 460 3052 latronum
478 2992 607 3065 illrpsus,
625 2991 776 3064 pecuniam
794 3005 895 3051 mutuo
916 2998 1073 3068 acceperim
1096 3000 1135 3056 ad

148 3069 338 3126 redimendam
354 3070 512 3126 libertatem
527 3067 581 3124 sse.
608 3079 656 3124 aut
678 3066 801 3141 aliquem
828 3070 963 3140 grassante
979 3073 1074 3143 bello,
1088 3089 1137 3133 aot

148 3145 321 3203 minus'tuta
343 3145 408 3212 via,
430 3158 462 3204 ut
478 3147 532 3202 iter
551 3142 665 3201 facienti
686 3156 786 3203 contra
807 3146 978 3217 predatores
1002 3149 1071 3206 mihi
1087 3154 1135 3211 ad·

146 3221 232 3288 sitiat,
254 3220 450 3278 concluserim.

182 3297 249 3377 Quo
261 3297 332 3370 passu
347 3314 380 3354 ex
399 3310 468 3356 metu
485 3309 533 3356 aut
551 3297 728 3372 reverentinl.
769 3300 811 3356 Ut
830 3298 849 3353 fi
864 3299 997 3367 Princeps
1013 3312 1133 3371 propter

148 3376 325 3447 praegnantes
351 3374 463 3447 publica
480 3375 602 3432 utilitate
627 3380 750 3432 rosiones
769 3372 892 3442 jusserit,
913 3373 1037 3431 subditos
1058 3393 1134 3433 erne·

142 3466 175 3505 re
194 3461 356 3514 cereastes,
380 3449 425 3503 rel
442 3448 583 3513 vendere,
605 3450 755 3506 eutalium
778 3449 937 3522 quempiam
957 3452 1132 3510 contrattum

143 3522 239 3599 inire:
261 3537 308 3580 eut
322 3538 392 3580 vero
411 3538 469 3582 nou
487 3523 629 3592 adhibita,
648 3541 703 3598 qua
718 3519 862 3580 instrusius
884 3522 945 3591 est,
966 3525 1132 3586 austoritate

141 3594 322 3674 potestateve
341 3597 482 3665 coasiira,
495 3598 663 3671 ¹simpliciter
679 3600 838 3657 incursuros
863 3598 890 3656 in
910 3599 983 3659 suam
1008 3603 1135 3674 indigna·
1159 3619 1163 3626 ·

149 3675 276 3763 tionem,
304 3677 353 3748 qui
370 3673 427 3732 hoc
448 3675 495 3734 vel
514 3674 589 3734 'illud
605 3675 716 3752 egerint
733 3675 779 3733 rel
800 3675 970 3747 omiserint,
999 3674 1138 3752 significa?

154 3762 238 3811 vem·
269 3769 271 3775 Ι
385 3768 387 3772 ’
1095 3786 1101 3796 “

180 3826 239 3884 Aut
258 3829 286 3885 ob
302 3828 493 3889 Audorltrietn
510 3829 617 3905 eorum}
640 3831 673 3888 E.
691 3850 718 3905 g.
739 3830 844 3890 frfilius
859 3844 908 3890 aut
928 3830 982 3889 filia
997 3846 1033 3892 ex
1056 3842 1136 3895 ceres

144 3908 235 3964 tentia
252 3922 316 3980 erga
331 3919 475 3980 parentes,
496 3908 599 3982 quibus
623 3905 690 3970 alias
714 3923 773 3964 non
804 3921 863 3964 erat
881 3911 926 3977 jus
957 3908 1062 3964 invitos
1082 3927 1136 3980 pro

145 3977 266 4054 inperio
289 3980 495 4055 compellendi,
514 3982 609 4039 inviso
624 3981 781 4054 sponsoaut
797 3983 901 4055 sponsas
917 3982 1000 4039 iidem
1019 3981 1137 4043 dederit,

188 4056 267 4143 ¹Quod
278 4055 370 4131 statim
385 4054 487 4132 restitut
508 4056 643 4132 debelutl.
684 4059 745 4116 Hac
760 4059 873 4116 idione
897 4061 966 4134 juris
986 4075 1043 4114 non
1067 4078 1140 4132 opus

148 4132 209 4190 esth
237 4133 373 4200 Desesltis
389 4136 494 4211 quippe
509 4136 692 4195 libertatisin
716 4153 770 4204 eo,
792 4136 841 4208 qui
857 4134 996 4206 promisit,
1018 4150 1056 4198 uc·
1068 4140 1140 4194 stica·

146 4205 254 4290 panitas
271 4213 348 4282 ejus,
368 4214 418 4285 qui
438 4211 603 4283 promissum
623 4212 652 4268 vi
667 4211 785 4272 extotfit
800 4212 1000 4285 qualecunque
1023 4211 1072 4270 fibi
1095 4215 1139 4283 ius

145 4297 184 4366 tx
198 4286 410 4364 erusnouiettu
429 4287 594 4367 querendi,
608 4290 728 4436 οόηηίηα
745 4287 886 4352 sufficiunt
903 4289 937 4347 ad
954 4289 1139 4376 evincendum

161 4410 165 4417 -
653 4377 737 4438 005
868 4431 872 4435 .
1081 4381 1140 4431 tius
