3034 5509
284 616 375 686 eutr
401 599 627 685 Autuior.
653 604 733 679 Du.
759 603 821 701 Jo.
847 606 1067 684 Brttnrrn.
1118 616 1217 709 1017

231 786 372 866 frobenio
387 786 415 843 ir
433 786 491 842 eius
505 781 652 841 voluntate
669 781 851 853 obligationis
879 779 1086 848 fundamento,
1107 780 1163 856 iam
1187 789 1217 846 itt

235 867 366 936 riualem
381 865 510 919 bonitate
529 861 554 916 dt
576 861 703 934 potentia
727 857 904 914 aalidiffimas
923 860 1051 916 utilitatis
1074 865 1218 931 rationes,

235 943 340 1013 quibus
362 939 396 997 ad
423 937 629 995 observandum
652 930 776 991 officium
800 931 985 991 efficactsitme
1009 939 1163 997 excitemur
1186 955 1220 996 ac
1319 942 1321 966 ¹

233 1032 416 1077 moveamur,
432 1014 465 1072 ie
486 1014 675 1070 rehendimus.
695 1011 740 1068 An
758 1023 818 1065 nnn
834 1009 1022 1071 inlidiiiimum
1035 1013 1084 1082 iit,
1102 1032 1134 1072 ac
1148 1020 1223 1091 opti·

237 1109 284 1153 me
305 1096 447 1150 cohauens
464 1032 600 1164 systema,
620 1087 705 1144 letior
719 1087 897 1158 judicaverit.

276 1169 358 1226 Circa
380 1167 424 1229 id.
446 1165 525 1239 quod
541 1165 576 1222 de
597 1167 723 1232 uiribus,
745 1163 900 1231 contundis
922 1180 985 1222 cum
1008 1170 1152 1224 rotrtnsiur
1171 1180 1226 1225 tra-

235 1243 279 1302 dit
299 1247 403 1303 Auttor
420 1241 589 1308 noster;.ad
613 1254 736 1299 vocem.
757 1243 882 1312 irnpunr,
905 1255 966 1311 que
990 1244 1017 1297 in
1041 1243 1111 1301 iocis
1132 1248 1226 1304 citatis

235 1321 345 1388 exilat,
368 1336 400 1376 ac
414 1319 557 1376 sententie
578 1316 658 1388 ipiius
674 1317 762 1373 clavis
781 1316 898 1388 quidem
922 1315 978 1382 eti,
1001 1317 1156 1377 adtendere
1175 1337 1226 1393 pac

237 1397 340 1456 fuisset.
380 1396 454 1476 Qui,
476 1396 532 1463 ait,
552 1397 664 1451 rationes
685 1395 786 1467 quidem
804 1393 894 1459 iubet,
910 1410 987 1465 quare
1004 1412 1051 1469 ego
1066 1396 1114 1463 ἱρή
1133 1412 1223 1470 parere

238 1474 369 1538 debeam
391 1471 523 1527 avaribus
545 1483 631 1527 tomen
654 1476 749 1527 molunt
769 1469 872 1541 aliquod
892 1470 960 1532 ‚miii
981 1472 1127 1528 intonandi
1148 1468 1226 1529 desii-

236 1553 340 1611 tttr'tur:
360 1547 415 1622 ejus
425 1549 459 1621 jo
484 1549 632 1604 alneum
649 1565 665 1602 a
681 1564 719 1603 me
739 1543 841 1621 poffunt
861 1548 965 1617 negligi
976 1564 986 1614 3
1006 1552 1036 1602 ni
1056 1545 1129 1616 &cc
1157 1553 1229 1608 Non

238 1627 325 1691 dicit,
345 1625 411 1680 resia
427 1639 457 1695 pa
482 1636 546 1681 unt:
568 1639 626 1680 non
642 1621 754 1690 statuit,
775 1620 877 1678 cetiare
893 1622 960 1677 ideo
977 1619 1100 1681 officium
1117 1670 1124 1690 ,
1139 1622 1228 1698 justos

238 1698 329 1774 musas
348 1700 414 1758 ideo
425 1703 479 1757 vim
495 1700 569 1757 suam
587 1700 730 1757 amittere:
742 1698 869 1770 loquitur
880 1694 1158 1774 deefficacia,quam
1174 1719 1227 1776 pro

240 1777 360 1848 ingenio
384 1792 418 1831 ac
439 1775 619 1851 dispositione
633 1775 832 1850 plerorumque
850 1775 996 1832 hominum
1016 1773 1142 1836 exserere
1158 1781 1226 1836 t'unc

240 1853 437 1912 iterationes
454 1865 526 1927 aptae
544 1850 661 1909 fuerint.
700 1850 883 1910 Excutiendis
902 1854 1050 1917 omnibus,
1072 1870 1135 1928 quae
1148 1856 1229 1914 Ano·

239 1946 341 2006 uymus
359 1929 416 1986 hoc
431 1928 614 1995 locaretur,
636 1928 790 1985 ratiociniis
806 1930 865 1982 itaec
886 1921 1056 1988 suffecerint.

280 2006 380 2063 Fateor
401 2004 609 2073 nihilominus,
635 2002 764 2062 Austoris
794 2001 880 2060 nostri
903 2002 1058 2064 doctrinam
1085 2008 1151 2065 heic
1170 2024 1230 2067 non

244 2083 309 2141 satis
327 2080 382 2139 esse
407 2081 605 2156 perspicuam,
634 2093 667 2138 ac
695 2081 795 2138 meiius
825 2071 1051 2155 distinguendum
1076 2082 1154 2143 iuiise
1183 2087 1231 2156 id,

242 2158 321 2230 quod
344 2157 478 2231 superiori
497 2159 612 2233 proprie
623 2158 670 2227 jus
686 2155 841 2232 imperandi
858 2156 994 2215 adtribuit
1026 2162 1062 2216 ab
1079 2178 1133 2227 eo,
1152 2163 1232 2234 quod

245 2233 297 2308 ipst
315 2233 480 2290 facultatem
503 2235 551 2290 dat
571 2228 712 2302 efficaciter
734 2230 894 2305 imperandi3
915 2245 1002 2304 prout
1017 2234 1085 2290 iliud
1100 2237 1177 2310 tetigi
1200 2240 1229 2293 in

243 2312 326 2368 brevi
342 2323 432 2372 nota,
449 2317 513 2382 quae'
527 2308 616 2381 prima
634 2305 673 2362 est
696 2306 731 2363 ad
752 2308 777 2379 i.
797 2308 833 2363 de
855 2322 914 2380 quo
938 2311 1039 2381 agitur.
1077 2311 1146 2368 Non
1171 2315 1233 2370 haec

206 2452 211 2458 ⁸
245 2386 316 2446 milti
340 2383 379 2440 est
403 2384 532 2454 indoles,
560 2396 591 2442 ut
619 2383 785 2441 auctoritate
808 2397 852 2439 me
872 2384 962 2456 patiar
983 2389 1155 2454 occoecati,
1182 2401 1233 2446 aut

246 2457 378 2519 excusare
401 2470 570 2533 quemquam
596 2475 763 2532 quacunque
782 2461 867 2515 etiam
902 2462 1013 2533 ratione
1035 2462 1142 2521 veiim:
1162 2466 1233 2537 quin

248 2537 391 2595 observati
407 2537 532 2611 poterit,
552 2552 617 2606 me,
636 2535 770 2608 sequente
793 2531 897 2592 ibidem
917 2538 1047 2610 ampliori
1072 2551 1156 2605 nota,
1178 2540 1234 2598 alia

247 2617 339 2674 minus
356 2625 488 2672 accurate
506 2612 595 2687 pofita
617 2611 848 2685 reprehendisse,
869 2629 931 2685 quae
952 2631 1011 2670 non
1033 2617 1234 2676 animadvertit

247 2691 502 2765 Anonymus,aut
518 2690 684 2748 condonare
701 2689 816 2748 sutton
830 2689 929 2745 nolito
953 2689 1081 2764 dignatus
1100 2693 1148 2750 eii.
1179 2696 1236 2751 Ve-

249 2783 310 2825 rum
327 2783 384 2824 non
398 2765 513 2824 obstant
529 2767 603 2824 leves
617 2768 687 2821 naeni
703 2807 711 2830 ,
733 2767 801 2838 quiu
821 2765 924 2821 tesiam
940 2768 1069 2840 ingressus
1092 2768 1123 2826 stt
1139 2769 1164 2826 dr
1184 2770 1235 2825 rio-

246 2845 337 2915 cuerit
355 2846 452 2911 viam,
475 2860 507 2900 rc
521 2844 582 2910 eius
601 2839 715 2918 systema
736 2843 765 2898 in
783 2840 941 2899 universum
962 2846 1071 2917 optime
1086 2845 1235 2906 sundntuttt

248 2921 292 2978 iit.
331 2919 388 2978 Etst
407 2918 475 2976 iilud
490 2920 607 2986 meiius,
631 2925 661 2976 ut
677 2916 811 2984 videtur,
834 2933 918 2989 quam
940 2921 1013 2992 ipse,
1034 2922 1235 2993 explicuerim,

250 2999 479 3072 eorrexerimque
499 2995 634 3055 nonnulla
657 3011 691 3052 ert
713 3009 812 3068 parte:
834 2993 903 3052 abfit
926 3011 1037 3062 tamen,
1058 3013 1089 3056 ut
1111 3003 1236 3058 debitam

252 3065 303 3147 ipit
317 3068 429 3130 'taudem
451 3075 518 3130 mihi
535 3087 682 3146 arrogem,
699 3083 747 3130 aut
763 3087 820 3126 non
834 3069 927 3130 eidem
950 3073 1077 3147 proprias
1093 3092 1170 3135 meas
1185 3092 1234 3136 cu·

252 3151 422 3225 gitationet,
443 3153 546 3225 quibus
566 3147 741 3206 occasionem
758 3146 968 3223 suppeditavit,
989 3151 1153 3210 adscribam.

290 3227 387 3285 Unum
410 3226 512 3285 adum
539 3241 647 3284 tantum
666 3227 740 3286 circa
762 3225 921 3299 exemplum
943 3233 978 3284 ab
994 3229 1149 3302 Anonpmo
1167 3247 1233 3301 pro·

250 3295 372 3378 posttum
394 3303 428 3359 de
451 3321 520 3378 egro
544 3300 688 3376 Christiano
712 3321 727 3358 a
750 3305 848 3360 medico
881 3302 968 3358 Turro
987 3317 1082 3376 capto.
1122 3306 1171 3361 Uti
1189 3308 1236 3363 iiic

252 3381 396 3451 captivus,
416 3393 474 3435 non
491 3397 546 3452 qua
569 3390 666 3445 tezer,
686 3380 813 3447 captivus
836 3377 896 3433 esi:
917 3380 953 3432 ita
970 3394 1024 3434 nec
1041 3380 1165 3438 medicus
1184 3379 1237 3438 do·

251 3456 344 3512 minus
364 3452 403 3508 est
426 3457 552 3526 corporis
575 3454 670 3515 iilius,
691 3469 746 3526 qua
767 3452 901 3510 medicus.
941 3452 1051 3512 Diversi
1071 3457 1099 3511 iti
1118 3460 1238 3515 omnino
1279 3524 1281 3529 ,

254 3529 317 3588 suot
332 3529 479 3603 respedus.
518 3528 604 3586 Unde
623 3545 680 3585 non
696 3526 805 3596 viden,
825 3545 908 3602 quam
925 3530 963 3585 ob
983 3547 1042 3590 rem
1061 3533 1108 3591 hic
1123 3550 1237 3605 compa·

252 3618 352 3663 rentur
369 3616 507 3680 praecepta
522 3604 599 3663 istius
615 3604 736 3672 medici,
758 3622 815 3678 qna
835 3602 960 3676 medici,
983 3606 998 3678 (
1007 3608 1050 3665 vei
1069 3613 1163 3681 potius
1181 3628 1238 3668 ma·

254 3683 325 3741 teria
339 3695 544 3756 preceptorum
559 3680 686 3753 ejusdem
703 3700 711 3740 :
730 3698 786 3740 nec
808 3685 883 3740 enim
905 3683 1086 3757 supponitur,
1107 3701 1138 3745 ut
1153 3687 1239 3745 debe

253 3771 318 3828 ret,
339 3758 426 3833 ipsum
440 3762 497 3815 haec
518 3772 680 3832 praecepta,
704 3771 855 3835 antequam
878 3772 1027 3833 caperetur
1048 3779 1145 3835 ager,
1165 3781 1242 3822 man·

255 3831 378 3904 davisse,
399 3834 444 3892 sed
465 3847 572 3893 tantum
594 3836 642 3893 iiia
663 3837 809 3907 aegrotam
831 3851 896 3894 ante
909 3854 961 3909 pro
981 3838 1145 3898 salutaribus
1160 3840 1241 3902 fuisse

253 3913 389 3986 cognita)
406 3928 492 3988 quam
506 3914 544 3968 ob
559 3929 616 3970 rem
631 3956 638 3977 ,
657 3913 787 3984 inquam,
804 3925 1005 3986 comparentur
1016 3914 1066 3972 ista
1080 3933 1236 3989 precepta,

255 4005 394 4062 quatenus
407 4001 473 4045 ante
488 3988 532 4045 vei
549 3988 610 4059 poll
624 3989 687 4060 agri
706 3991 901 4073 captivitatem
922 3989 1053 4048 mandata
1069 3991 1138 4051 suut.
1158 3995 1237 4054 Ante

258 4066 284 4121 br
298 4065 552 4141 post,praescrsptis
564 4081 638 4138 agro
653 4065 768 4124 utilibus
778 4068 991 4125 medicamentis
1005 4111 1013 4135 ,
1027 4069 1153 4128 medicus
1171 4071 1238 4130 sem-

257 4152 308 4214 per
324 4145 396 4213 agit‚
412 4155 544 4217 tanquam
560 4143 762 4205 medicusmon
781 4155 913 4215 tanquam
924 4145 1062 4203 dominus.
1084 4147 1142 4204 Aut
1158 4147 1176 4205 fi
1190 4166 1239 4207 ue-

255 4215 406 4275 ceiiitatem
423 4217 744 4297 medioam‘entoutendi
762 4221 908 4294 imponere
922 4234 996 4292 aeqro
1012 4221 1239 4285 instituattiraud

256 4292 376 4370 amptius
390 4307 457 4358 tunc
477 4290 535 4375 igit
546 4309 676 4373 tanquam
692 4294 829 4434 medlpos.
850 4295 960 4364 Verum
974 4292 1243 4438 fitemedicusdmes

369 4392 372 4399 ·
793 4388 864 4444 sss
1183 4380 1239 4446 icat
1309 4412 1311 4416 ,
