3034 5509
222 619 314 696 'culi
341 603 572 693 1111111111.
599 613 678 693 Du.
705 600 1010 712 1181111111.
1056 559 1145 711 ’163

146 779 417 865 cernennentes
440 779 477 850 111Ι
490 793 639 858 ominus,
661 793 709 866 qur
731 792 837 866 aliquid
867 793 977 866 plenius
1002 793 1138 853 exactius.

145 887 182 927 ue
196 887 290 931 conati
310 869 412 926 deinde
434 869 515 938 sunt,
540 885 585 928 aut
604 870 751 941 conaturi,
773 869 955 929 sufficientem
974 873 1003 926 in
1020 873 1137 928 univer·

143 947 201 1006 sutri
220 949 310 1006 lucem
331 944 495 1019 pretulerit.

179 1101 229 1188 *§.
253 1103 308 1170 IV.
330 1100 504 1169 Plurimum
519 1101 614 1167 etiam
630 1099 786 1178 referret,
802 1102 952 1186 parallelo
967 1102 1037 1168 addi
1049 1102 1132 1184 Jurit

139 1183 254 1253 Civilis
271 1189 352 1250 inter
369 1184 512 1251 homines
527 1186 652 1268 recepti
657 1183 1009 1278 ,praesertimRomoni,
1023 1186 1129 1267 ipsius⁴

138 1265 386 1348 oueetiarnjuris
398 1265 483 1332 sacri.
496 1264 702 1350 Itaususjurrs
710 1263 842 1333 Natura
850 1267 930 1351 apud
938 1266 1133 1350 Theologos

138 1352 169 1416 &
189 1347 434 1433 Jurisconsultos
447 1349 576 1434 pronior
589 1348 717 1414 futurus
731 1348 830 1427 esset3
853 1349 938 1434 quod
956 1367 1040 1413 nunc
1066 1369 1131 1414 ma·

136 1435 183 1516 gis
202 1430 394 1499 sermonibus
412 1431 610 1512 celebratur,
632 1451 725 1519 quam
739 1430 874 1517 negotiis
894 1429 1072 1498 adhibetur.

171 1589 320 1661 Ejusmodi
336 1588 483 1663 parallela,
504 1606 566 1666 qua
586 1586 694 1649 referre
714 1601 865 1664 tantopere
888 1586 1134 1665 1111111111εηί-

136 1666 243 1732 ssimm,
265 1669 398 1724 Gnonrus
415 1666 442 1724 in
461 1666 575 1724 laud-rto
592 1666 681 1734 libro,
705 1683 737 1723 ac
752 1667 982 1726 Portunonrtus
1006 1669 1033 1724 in
1054 1667 1133 1741 ope-

137 1760 167 1798 re
187 1742 235 1799 111
253 1744 357 1811 Maiori
371 1744 403 1799 rie
418 1742 489 1822 Jurr
504 1741 618 1800 Nature
634 1737 811 1811 &Gentium
831 1744 927 1818 paffim
952 1741 1132 1805 addiderunt.

135 1818 185 1874 lisa
208 1835 279 1877 vero
304 1821 331 1874 ln
355 1817 445 1877 isthoc
468 1817 663 1892 compendio,
684 1818 765 1895 quod
787 1821 912 1878 tironum
933 1819 1046 1893 quiden
1072 1816 1133 1876 usui
1242 1874 1245 1882 ,

136 1893 383 1951 accommodatum
406 1895 481 1963 else,
515 1910 548 1950 ae
580 1894 701 1968 proinde
731 1895 874 1953 elementa
911 1908 1018 1954 tanturn
1048 1895 1132 1967 hujus

135 1967 257 2028 scientia
278 1972 389 2027 tradere
409 1971 527 2039 debut,
553 1972 636 2026 valde
658 1974 765 2043 requiri
792 1987 853 2028 uon
877 1971 973 2029 video.
1014 1971 1132 2028 Nocere

133 2047 228 2120 potius
244 2045 306 2102 talis
322 2044 480 2102 commistio
496 2044 561 2101 inde
576 2057 639 2117 apta
661 2044 752 2114 foret,
776 2047 856 2122 quod
879 2051 1003 2106 turbaret
1028 2061 1134 2103 conce·

134 2119 219 2192 ptusr'
235 2127 341 2193 quippe
355 2137 418 2179 curn
435 2138 533 2198 pauco
553 2121 606 2180 unt
623 2118 697 2196 leges
712 2124 813 2179 civiles
825 2167 844 2195 ,Ι
855 2139 917 2195 qua
940 2137 998 2180 uon
1023 2121 1132 2194 aliquid

132 2197 190 2270 Juri
206 2195 333 2253 Naturali
351 2196 469 2263 addunt,
492 2209 540 2253 aut
565 2198 722 2255 detrabunt.
762 2198 835 2255 Cum
858 2198 885 2254 ui
909 2212 1017 2256 rantum
1040 2199 1147 2277 Natu,

133 2275 197 2329 ralis
218 2272 291 2346 Juris
317 2271 526 2338 addisceretur,
546 2271 624 2344 quod
642 2274 669 2328 iu
690 2272 953 2348 Jureconsultorum
970 2271 1047 2329 libris
1066 2288 1134 2344 pro·

132 2349 238 2405 nriscoe
254 2363 317 2403 cum
331 2348 393 2416 jure
418 2347 504 2405 Civili
528 2344 645 2423 sparsum
668 2346 878 2420 reperiebatur:
898 2347 1024 2405 neutrius
1045 2345 1133 2406 facile

132 2436 264 2479 accurata
291 2421 394 2480 hauriri
416 2420 516 2478 notitia
538 2434 659 2496 poterat.
699 2423 767 2480 Hoc
787 2422 942 2481 curandum
965 2422 1079 2493 potius,
1100 2436 1132 2483 ut

133 2498 260 2556 doctriua
275 2498 348 2572 11111
364 2497 507 2554 Naturalis
522 2495 669 2570 seperatim
686 2498 739 2557 rite
775 2510 906 2570 ercepta,
928 2499 988 2568 ejus
1006 2497 1132 2570 deinde,

132 2576 162 2631 in
178 2574 313 2647 peculiari
332 2574 426 2645 legum
447 2576 583 2647 cujus'que
603 2574 726 2639 civitatis
745 2516 853 2641 dudio,
873 2592 938 2632 cum
961 2572 1046 2631 civili
1061 2574 1133 2648 Jure

132 2649 293 2706 inllituatur
307 2652 493 2722 conparatio.
529 2648 598 2708 Nou
613 2651 764 2709 metuenda
787 2662 855 2708 tunc
877 2651 963 2710 fuerit
983 2647 1130 2711 confusio:

134 2727 345 2783 revocabuntur
360 2736 466 2784 tantum
483 2738 569 2801 atque
584 2724 799 2802 adplicubuntur
814 2725 947 2784 harentia
961 2725 1018 2792 jam
1033 2730 1133 2786 auimo

130 2801 276 2876 principia,
304 2802 379 2856 Hinc
392 2802 507 2868 Austori
523 2799 621 2857 nostro
637 2801 728 2860 fuerat
744 2801 937 2877 propudium,
953 2801 1070 2860 Iudicem
1083 2804 1133 2862 all·

130 2895 216 2951 quern
234 2878 260 2933 in
288 2878 374 2934 iilrros
393 2877 467 2951 Juris
484 2878 608 2938 nonani
632 2877 791 2945 conficere,
814 2895 872 2952 quo
888 2879 1134 2953 discernerentur,

131 2969 196 3026 qua
218 2953 291 3028 Juris
312 2953 458 3011 Naturalis
479 2955 555 3020 sunt,
577 2957 611 3014 ab
635 2955 687 3021 iir,
707 2970 772 3028 qua
792 2954 827 3010 ad
848 2954 1132 3022 1111111111)οῆῑί-

131 3043 199 3085 1111
217 3032 375 3100 pertinent:
398 3030 612 3105 optandumque
625 3030 737 3098 fuilset,
759 3041 791 3091 ut
812 3033 848 3089 ab
866 3030 1050 3103 exsequendo
1071 3032 1132 3092 boc

130 3107 249 3163 consilio
265 3149 272 3169 ,
295 3121 324 3163 ur
347 3104 372 3161 dc
390 3107 534 3164 nonnuliis
550 3106 627 3174 aliis,
642 3112 766 3181 quorum
780 3105 807 3182 111
826 3108 991 3174 prelatione
1006 3106 1133 3168 secunde

131 3182 275 3251 Editiouis
298 3184 419 3249 Maioris
445 3186 482 3239 sui
508 3182 611 3252 Operis
626 3182 769 3245 meurinit.
792 3182 879 3253 ipsum
905 3199 981 3240 mors
1007 3185 1133 3244 celerior

131 3273 191 3316 non
207 3258 389 3317 abstraxisset.
429 3258 564 3318 Ceterum
581 3257 599 3320 st
619 3259 814 3332 Iurisconsulti
833 3278 865 3316 ac
886 3259 1033 3331 Theologi
1053 3257 1132 3316 deci·

131 3331 232 3395 deudis
254 3333 358 3398 casibus
381 3334 588 3405 peculiaribus,
608 3337 638 3390 in
662 3335 785 3405 negotiis
810 3335 874 3389 uita
897 3333 1056 3392 communis
1077 3332 1144 3392 nui·

129 3407 253 3475 oblatis,
275 3409 410 3467 Nuturnle
436 3410 483 3483 Jus
506 3408 593 3473 baud¹
608 3411 646 3469 ita
674 3409 766 3465 soient
790 3405 945 3465 adbibere:
975 3423 1034 3470 non
1060 3407 1130 3469 inde

128 3483 260 3560 profesio
283 3487 339 3547 esi,
361 3483 438 3556 quod
462 3482 520 3555 Jurl
540 3483 668 3541 Naturali
698 3486 795 3540 dantes
812 3499 944 3551 opetum,
967 3481 1038 3542 illuri
1060 3497 1130 3543 corl-

130 3559 208 3618 ferre
225 3576 287 3615 cum
305 3559 371 3632 Jur'e
394 3558 478 3615 Cirrli
502 3558 629 3615 omniurn
655 3557 683 3614 in
706 3559 777 3614 orbe
799 3558 928 3628 gentium
948 3561 1133 3633 praetermise-

130 3638 204 3702 rint,
217 3634 262 3691 sed
273 3638 387 3708 potius,
409 3647 439 3690 ut
450 3633 713 3711 verumfuteumur,
723 3633 802 3711 quod
814 3637 1037 3692 narumomnino
1047 3635 1131 3711 pleri-

118 3728 201 3794 ·que,
214 3720 263 3768 'aut
280 3728 337 3768 non
355 3729 406 3781 eo,
417 3727 476 3784 quo
495 3727 542 3783 par
558 3709 618 3782 eli,
630 3711 733 3783 modo,
743 3709 793 3786 Jus
808 3709 927 3769 Natura
941 3712 1131 3775 excoluerint.

159 3860 221 3948 ·²l§.
242 3863 287 3929 V.
309 3861 437 3927 Interim
469 3879 550 3931 vern
573 3861 646 3943 quia
666 3861 872 3930 desideratum
892 3880 976 3946 opus
988 3882 1053 3931 non
1075 3880 1133 3930 err-

130 3944 217 4026 stat,
250 3948 283 4011 dr
310 3963 377 4027 prae
411 3944 479 4009 aliis
507 3937 773 4027 Pufdudorflonum
797 3945 1024 4028 compendium
1048 3946 1134 4029 apud

118 4047 191 4094 nos
208 4032 307 4114 vulgo
323 4028 481 4093 innotuit:
503 4025 690 4112 hoosaltem
706 4047 725 4092 e
743 4045 778 4092 re
790 4024 965 4108 elieputo,
988 4045 1025 4094 ut
1047 4045 1133 4111 quae-

128 4111 378 4178 daur‘iesiores
410 4109 639 4189 Auditoresvm
663 4111 696 4175 in
719 4109 830 4195 primis
858 4111 944 4176 circa
974 4112 1133 4196 principie

117 4191 275 4259 abufibus
292 4194 390 4276 magis
408 4193 571 4276 expolita,
591 4208 798 4259 moneantur:
820 4209 957 4277 quorum
974 4195 1133 4276 potissrma

126 4275 166 4344 -iu
194 4274 243 4340 his
272 4274 399 4355 summis
421 4277 586 4363 capitibus
604 4273 810 4432 cmfiddm'
842 4277 928 4362 quod
954 4295 1015 4346 nec
1038 4276 1136 4441 βῖῗι

193 4402 200 4412 -
385 4396 387 4401 ·
727 4375 779 4428 11.
1055 4381 1070 4429 d
1101 4375 1134 4419 ὓ·
