3034 5509
262 644 335 726 844
426 635 507 709 Dr
558 636 839 708 Orrtcto
890 633 1135 710 Cirtas,

260 808 322 904 ipsi
352 830 487 905 quoque
520 807 652 879 homini
682 808 808 880 bellum
846 808 913 903 (e)
949 807 988 880 fit
1013 808 1176 896 licitum,
1217 807 1256 884 dr

260 910 465 1000 quandoque
492 905 735 993 necessarium,
771 908 906 1000 quando
930 929 1055 999 nempe
1079 931 1141 999 per
1167 906 1252 978 alte·

261 1006 330 1076 rius
352 1004 512 1074 malitium
540 1004 652 1074 nostra
675 1005 825 1088 servate,
861 1023 918 1073 aut
937 1007 1014 1096 jure
1042 1004 1160 1073 nolito
1185 1027 1249 1095 po·

260 1102 336 1186 titi,
363 1102 445 1170 citra
463 1103 536 1169 vim
552 1103 759 1188 adhibitam,
788 1101 975 1193 nequimus·
1035 1103 1073 1172 ln
1092 1126 1159 1195 quo
1176 1102 1249 1194 ipso

258 1217 373 1270 tamen
401 1200 596 1290 prudentia,
634 1198 671 1269 dt
700 1200 891 1269 humanitas
920 1198 1056 1286 suadet,
1084 1221 1119 1267 ut
1140 1221 1182 1268 ne
1206 1201 1248 1270 ud

257 1317 350 1366 arma
367 1317 486 1366 eamus
502 1351 511 1384 ,
526 1298 582 1368 ubi
597 1319 640 1368 ex
661 1297 856 1390 injuriarum
876 1291 1072 1369 nostrarum
1092 1296 1250 1388 persecu·

1155 1412 1251 1466 tione

257 1650 360 1699 narchiis
401 1654 520 1712 pleraque
561 1652 625 1700 bella
664 1651 734 1700 oriri.
765 1662 844 1710 nent,
868 1664 921 1709 qut
950 1648 1084 1708 respiciunt
1105 1660 1145 1696 aut
1166 1651 1247 1708 Impe-

256 1714 334 1761 Innnt.
387 1755 389 1759 .
766 1714 841 1761 tentis
866 1712 1057 1762 atsubditorum
1075 1724 1169 1763 mutuas
1187 1716 1249 1760 obli-

288 1776 338 1836 (ο)
362 1779 452 1823 Haoior
476 1777 585 1838 belsam}
623 1779 681 1824 Non
699 1779 733 1824 est
765 1777 875 1834 gationes
898 1777 964 1824 circa
988 1775 1104 1829 bellum,
1123 1788 1162 1822 aut
1187 1777 1250 1823 obli·

255 1838 295 1884 liic
322 1843 391 1885 locus
419 1841 539 1897 generalis
561 1850 591 1886 ue
608 1842 669 1887 Briso
689 1842 733 1887 do·
765 1839 888 1896 rationum
917 1852 948 1885 eo
979 1837 1154 1896 pertinentium
1184 1839 1248 1884 inter

256 1899 340 1947 &rinae
363 1906 547 1957 proponendae:
575 1916 602 1950 ee
627 1905 732 1960 petenda
766 1914 810 1947 eos
827 1901 1074 1948 communicationem
1091 1932 1101 1957 ‚
1118 1911 1158 1955 rut
1177 1901 1247 1948 deoi-

256 1963 466 2011 estexlr'b.1.c.
485 1977 507 2016 s.
541 1965 589 2011 Ubi
609 1964 731 2013 licetdu·
766 1975 815 2021 que
837 1963 961 2022 privilegia
983 1965 1042 2024 Jure
1069 1963 1187 2010 Gentium
1203 1977 1248 2008 vo·

256 2023 311 2071 dior
327 2030 357 2072 de
376 2026 426 2072 sola
440 2028 566 2088 Definssroe
586 2033 734 2084 rgerir‚nos
765 2028 870 2075 luntario
888 2028 917 2074 iis
943 2027 1052 2087 indulta,
1075 2023 1117 2081 qui
1138 2026 1247 2074 adhibitis

255 2099 338 2134 tamen
363 2090 393 2133 ad
414 2091 435 2149 5.
455 2101 492 2144 17.
518 2097 636 2136 nonnulla
655 2091 733 2147 subje-
765 2089 851 2136 debitis
876 2088 1060 2136 solennitatibus
1082 2086 1246 2145 belligerent

256 2151 382 2198 cimusde
400 2155 509 2197 violenta
529 2151 639 2208 suijuris
657 2154 733 2213 Prose-
767 2151 910 2199 auctoritate
939 2153 1091 2198 summorum
1122 2151 1247 2208 imperan-

255 2215 358 2273 rorr'rno,
382 2225 455 2270 quam
478 2214 567 2261 ibidem
595 2218 734 2264 monuimus
766 2215 827 2261 tium
847 2214 879 2267 ,in
902 2213 1073 2270 Civitatibus,
1099 2224 1153 2269 quae
1185 2215 1246 2272 apud

255 2277 285 2322 ad
304 2279 733 2336 eundemlocttmpertinere:quae·
764 2277 860 2325 vicinas
890 2280 981 2326 Gentes
1003 2289 1049 2333 pro
1074 2276 1165 2322 talibus
1182 2290 1244 2324 noter

253 2351 304 2396 que
318 2340 369 2386 illic
382 2341 413 2386 de
431 2340 538 2387 violenta
556 2343 599 2388 seu
614 2343 733 2389 defendo·
766 2341 820 2389 sunt
836 2352 909 2397 atque
926 2340 1019 2397 agnitae.
1053 2337 1184 2386 Carruca.

253 2414 306 2456 ne,
324 2401 366 2450 seu
380 2402 570 2460 prosecutione,
582 2404 645 2451 disto
662 2405 732 2465 sunt,
793 2404 853 2463 Quoe
865 2404 935 2461 supro
949 2402 1043 2452 dejure
1061 2400 1085 2446 se
1100 2402 1243 2454 defendendi

255 2477 375 2522 exaequo
398 2469 484 2512 locum
507 2469 613 2526 liabent,
631 2471 678 2514 sive
696 2469 733 2514 iu·
766 2476 850 2512 contra
876 2464 989 2522 injustum
1012 2464 1151 2510 invasorem
1177 2468 1242 2513 &do
1274 2522 1279 2533 s

254 2539 293 2573 ter
309 2531 410 2587 singulos
426 2530 565 2584 Homines,
582 2530 606 2576 in
617 2531 677 2578 statu
697 2532 733 2576 in·
765 2528 889 2586 inculpata
903 2531 975 2574 tutela
985 2524 1050 2574 dista
1061 2527 1129 2584 sunt,
1146 2540 1174 2573 ea
1186 2542 1242 2586 quo·

253 2591 336 2636 vicem
356 2592 458 2637 naturali
481 2592 615 2649 viventes,
634 2594 733 2640 brein·
764 2603 813 2648 que
835 2592 993 2641 fundamenta
1013 2589 1079 2644 juris
1114 2591 1172 2636 belli
1198 2593 1239 2638 esse

254 2663 293 2699 tet
314 2655 447 2701 Hominum
467 2655 658 2713 multitudines,
681 2669 732 2704 eas·
764 2654 865 2703 debent.
914 2653 988 2700 Nulla
1015 2653 1081 2698 enim
1112 2653 1240 2703 disserentis

254 2727 304 2772 que
326 2721 367 2764 vel
389 2718 502 2772 simplicls
521 2719 585 2774 pat'ti
603 2719 733 2776 obligatio·
763 2715 823 2772 juris
849 2716 987 2773 inducitur,
1007 2716 1057 2761 stus
1085 2716 1177 2764 bellum
1199 2731 1239 2774 pu·

253 2791 305 2837 ne,
323 2783 363 2825 rel
383 2792 448 2825 nexu
468 2780 591 2838 Imperii,
608 2783 733 2829 combina-
766 2780 856 2825 blicum
880 2782 905 2825 stt
925 2778 988 2826 inter
1011 2777 1163 2835 respublicas
1184 2780 1239 2828 libe.

254 2852 311 2900 rar,
335 2852 459 2887 certamen
485 2840 546 2888 fiat:
572 2844 636 2890 node
659 2845 681 2889 dr
703 2844 733 2890 ab
766 2855 821 2898 ras;
845 2842 894 2888 uve
918 2845 1038 2899 privatum
1055 2842 1081 2887 in
1100 2842 1161 2888 statu
1177 2854 1238 2890 natu·

253 2904 367 2950 omnibus
380 2903 511 2950 illiusmodi
528 2904 669 2952 differentiis
680 2905 733 2953 abs·
766 2905 810 2950 tali
834 2902 896 2949 inter
917 2907 979 2952 duos
1001 2904 1113 2952 nomines
1135 2907 1240 2953 liberosr

167 2985 170 2989 >
253 2967 324 3011 trabit
351 2965 453 3016 ceruina
478 2967 536 3011 Belli·
553 2969 640 3024 notio,
659 2979 733 3026 prout
764 2977 816 3013 non
836 2963 906 3024 iura,
924 2980 974 3013 non
996 2966 1143 3015 defensionis
1171 2969 1238 3016 libet·

253 3028 276 3074 itl
289 3030 313 3072 in
327 3030 393 3090 Jun'r
404 3029 525 3074 Naturalis
538 3029 664 3083 disciplina
675 3044 733 3077 con·
765 3027 864 3084 tas,sed
878 3031 1000 3076 vocabula
1011 3029 1137 3076 disserunt.
1155 3030 1238 3090 Quem,

253 3092 385 3143 sacratur,
404 3093 667 3144 quodidcircocmrto
692 3095 733 3139 de·
765 3094 894 3137 admodum
926 3105 984 3150 ergo
1015 3091 1054 3148 ius
1078 3104 1169 3140 nature
1194 3105 1237 3143 non

251 3151 336 3200 finitur
358 3156 396 3199 lib.
420 3153 439 3197 1.
465 3165 511 3212 cap.
532 3166 552 3201 l.
575 3155 595 3214 §.
617 3169 640 3201 o.
660 3158 734 3203 Sum
764 3157 895 3213 praecipit,
914 3155 955 3202 sed
975 3156 1118 3213 permittit,
1146 3168 1172 3202 ut
1194 3169 1237 3207 ‚nor
1286 3185 1287 3188 =

245 3221 344 3276 peresus
361 3219 576 3276 caeterarumqu
597 3222 733 3277 insessum
765 3230 819 3265 cum
846 3220 913 3265 crde
942 3219 1042 3266 alterius
1066 3218 1236 3276 defendantur,

251 3278 416 3335 setisqnidetn
437 3291 509 3336 apte,
529 3281 732 3344 liaddidissetJu·
764 3282 779 3326 st
804 3282 869 3326 nulla
902 3280 949 3328 alit
971 3281 1117 3328 adminicula
1141 3282 1235 3329 subsint:

250 3347 309 3388 rium
327 3342 410 3399 confir,
429 3354 454 3387 ut
474 3343 633 3390 excludantur
651 3357 729 3390 cotta·
764 3343 796 3389 ita
822 3355 921 3400 quoque
938 3344 961 3390 ln
982 3345 1048 3392 bellu
1076 3356 1116 3391 tes
1139 3345 1238 3392 selebi·

251 3405 316 3451 mina
335 3405 446 3450 exercitii
466 3407 506 3449 vel
530 3409 633 3461 qnaellns
658 3407 730 3453 causa
763 3407 819 3452 bet:
837 3409 902 3462 qttud
914 3419 926 3451 a
940 3405 993 3461 jore
1009 3418 1100 3453 natutae
1115 3420 1165 3452 non
1181 3419 1235 3465 pre·

250 3467 362 3515 instituta.
389 3469 447 3514 Titio
464 3466 562 3521 quidem
574 3502 581 3524 ,
593 3471 728 3517 licetistam
750 3469 754 3484 ¹
763 3467 869 3525 cipitur,
888 3468 929 3515 secl
951 3468 1114 3527 perminimam
1131 3472 1235 3527 adeoque

169 3547 171 3550 ·
250 3529 412 3577 disseret-‚tiam
433 3530 584 3587 imminuti,
604 3535 673 3579 aliam
694 3545 728 3578 ta·
761 3531 799 3586 jus
816 3533 874 3578 belli
890 3544 938 3577 non
953 3545 1020 3579 notat
1031 3536 1111 3590 legem
1127 3545 1167 3579 aur
1181 3545 1235 3590 pte·

250 3605 308 3639 rnen
324 3594 462 3639 obcau‘ant
479 3594 548 3639 nimis
568 3596 615 3641 lare
638 3597 728 3642 bellum
762 3606 860 3650 ceptum
876 3606 884 3649 ς
903 3594 944 3640 sed
963 3595 1106 3644 facultatem
1125 3601 1236 3642 moralem

250 3656 383 3708 definitur,
400 3659 573 3710 statutorum,
588 3661 729 3719 an'Jarr'rrrr
762 3658 820 3704 belli
837 3659 953 3713 gerendi:
979 3659 1000 3702 dl
1020 3659 1053 3705 fic
1077 3658 1171 3706 bellum
1191 3658 1235 3704 liri·

248 3720 334 3773 causo,
357 3721 407 3764 aba
437 3721 473 3762 vel
492 3721 595 3779 prouisa
620 3725 728 3782 lingant,-
760 3731 809 3766 tum
829 3720 875 3768 else
899 3720 1044 3777 conligitur:
1065 3722 1125 3768 alias
1143 3721 1236 3778 injustus

156 3781 161 3786 ”
249 3785 377 3839 qnatioon
398 3782 727 3836 tautumalitipantiunrnn-
758 3782 855 3830 invasor
879 3781 979 3838 imtrune
997 3785 1111 3838 quemvis
1129 3784 1236 3841 adurent,

248 3857 333 3898 mers,
357 3844 398 3890 scil
419 3844 440 3888 br
463 3856 477 3888 a
503 3847 597 3890 subnoto
621 3848 728 3906 liuganda·
758 3857 861 3903 temque
880 3845 945 3892 suam
961 3845 1069 3901 ¹feliciter
1080 3860 1166 3904 gerere
1186 3860 1237 3904 pos·

247 3910 329 3964 nodo,
352 3906 470 3957 veneralis
496 3907 558 3952 lielli
577 3921 645 3953 notro
673 3910 726 3957 abs·
759 3909 813 3959 set;
835 3920 909 3964 qtmm
940 3921 1013 3955 nemo
1037 3912 1138 3956 haberet
1159 3908 1197 3964 jus
1214 3907 1237 3956 el

248 3973 366 4025 traherem
394 3980 467 4020 atoue
496 3982 559 4015 aueo
584 3970 638 4018 liter
656 3973 728 4018 ctiam
762 3971 883 4018 resistendi
907 3969 1008 4029 ejusque
1025 3972 1169 4019 violentiam
1188 3973 1237 4019 vio·

247 4032 373 4087 forenses,
392 4032 728 4088 quionrcrbrlescooten-
760 4037 840 4081 lenter
868 4033 989 4088 abigendi.
1040 4037 1136 4081 Bellum
1162 4036 1237 4092 itaque

247 4093 328 4140 tiones
361 4094 555 4148 extraiediciales
588 4097 634 4144 sub¹
665 4099 728 4144 Belli
760 4111 810 4145 non
832 4097 866 4142 est
882 4099 988 4144 medium
1008 4099 1076 4155 pacis
1098 4099 1235 4152 servanda

192 4179 196 4191 ·
248 4157 546 4205 atnbitucnntiderenrur.
759 4161 801 4207 sed
823 4160 856 4205 cst
879 4161 1011 4207 temedium
1037 4159 1131 4215 injuria
1160 4163 1238 4219 repel-

276 4220 338 4264 Cnm
353 4220 450 4265 iotsrinr
464 4222 561 4265 linium
581 4233 664 4266 notura
681 4222 721 4268 sno
757 4224 857 4277 leodre3
874 4224 897 4269 d:
922 4223 1025 4270 consissit
1049 4225 1072 4269 in
1096 4223 1238 4273 defensione

243 4281 385 4329 Civitatibus
404 4295 452 4327 non
471 4286 495 4329 lit
519 4285 661 4340 proprium
677 4285 718 4331 illa
755 4287 789 4332 sui
803 4288 911 4333 violenta
927 4298 1011 4333 contre
1027 4285 1142 4340 injuriam
1158 4288 1236 4333 lmen·

242 4346 295 4402 [olo
313 4346 344 4392 ad
364 4345 410 4399 ltoe
428 4357 500 4405 ceput
519 4347 621 4407 proprie
640 4350 716 4408 pertis,
750 4361 832 4402 trram.
866 4348 1120 4410 Plotianqueutc
1148 4349 1235 4406 disput

1173 4423 1223 4466 ten·
