3034 5509
231 664 233 673 ,
302 641 358 700 pn
388 617 490 694 sin.
525 615 990 694 Porrnnorr.1.rr.t
1088 639 1165 720 943

171 797 250 869 qtrls,
269 795 288 853 fi
309 799 384 856 vires
408 797 572 870 suppetant,
593 790 683 850 irnrno
704 791 809 864 debet,
830 790 992 868 cuicunque
1007 794 1109 867 iniulle
1125 802 1160 861 ab

170 878 262 932 alteru
287 871 418 948 oppresso
449 875 573 947 prebere
602 869 746 927 auxilium.
799 872 844 927 Eo
867 870 944 946 leges
965 873 1162 946 humanitatis,

169 953 240 1007 citra
256 949 348 1007 foedus
364 952 466 1018 etiam,
488 960 534 1003 aut
549 947 679 1019 quemuis
695 946 865 1019 peculiarem
881 963 1000 1017 nexum,
1023 951 1163 1025 obligant.

169 1024 269 1093 Vide,
292 1043 353 1100 que
374 1035 582 1083 commentatus
605 1019 663 1078 sum
683 1022 718 1080 ad
734 1023 758 1100 J.
774 1023 813 1080 N.
828 1019 856 1079 or
873 1025 910 1083 G.
937 1026 984 1084 lib.
1000 1023 1037 1084 11.
1054 1041 1112 1104 cop.
1134 1044 1163 1103 ς.

168 1104 194 1176 l.
210 1109 237 1163 6.
254 1115 306 1162 not.
322 1119 348 1174 3.
371 1103 432 1159 tdae
447 1099 525 1160 lidit.
914 1121 917 1134 ι

314 1331 316 1335 Α
574 1253 600 1327 i·
640 1257 667 1315 X
688 1252 703 1308 1
722 1251 761 1311 X.

207 1403 403 1485 Narosoffirr't‚
426 1405 491 1482 quod
509 1401 617 1478 elteri]
637 1402 807 1463 Solldlslima
830 1402 892 1462 haec
912 1404 958 1464 eil.
975 1408 1065 1476 ratio.
1088 1408 1161 1470 suffl-

165 1486 263 1555 citque
282 1488 317 1543 ad
343 1483 527 1544 refellendam
549 1497 650 1541 eorum
671 1479 859 1550 sententiam,
880 1483 930 1556 qui
951 1500 1015 1542 cum
1038 1487 1162 1547 Gnonro

164 1563 196 1620 dr
210 1561 279 1641 Jurr
295 1560 368 1620 Belli
382 1579 412 1618 oc
427 1559 506 1618 Poris
525 1561 572 1639 lib.
589 1555 626 1616 ΙΙ.
637 1570 692 1632 cop.
710 1574 734 1616 1.
749 1557 777 1631 s.
795 1573 822 1626 9.
844 1559 1043 1630 contendunt,
1055 1561 1160 1621 cessare

163 1639 209 1709 jus
226 1639 358 1711 legitime
373 1637 544 1696 defensionis
560 1635 620 1705 sui,
641 1632 660 1691 ri
683 1633 799 1703 injustus
821 1633 934 1692 invasor
955 1636 1089 1712 princeps
1112 1638 1160 1708 fit.

164 1729 213 1773 aut
235 1716 305 1773 alter
325 1713 465 1789 quispiam
493 1712 658 1771 austoritate
682 1710 712 1767 in
734 1707 872 1768 societate
900 1712 980 1770 cirili
1002 1713 1160 1774 instructus.

164 1790 322 1850 Enimuero
341 1790 431 1850 slatim
453 1803 539 1860 atque
562 1784 758 1860 magistratus,
784 1798 833 1844 aut
848 1785 973 1857 superior
994 1789 1161 1864 quicunque

160 1885 212 1940 per
229 1865 376 1940 malitiam,
401 1883 433 1923 ac
447 1864 606 1924 deliberato
626 1860 761 1932 consilio,
783 1880 820 1920 eo
834 1861 940 1923 suroris
956 1865 1155 1938 progreditur3

161 1945 190 2001 in
206 1942 303 2001 ilatum
317 1942 449 2002 hostilem
461 1958 526 2001 cunr
542 1957 594 2007 eo,
616 1954 702 2013 qrrem
718 1937 903 2010 adgreditur,
918 1940 1078 2005 descendit;
1096 1942 1159 2000 snb
1226 1980 1228 1984 .

158 2019 290 2089 jellionis
306 2018 450 2078 vinculum
470 2015 661 2090 apronianum
674 2017 709 2072 ab
723 2014 850 2074 subditus
867 2027 916 2074 aut
931 2016 1050 2076 inferior
1060 2061 1067 2084 ‚
1077 2020 1161 2092 qnip-

160 2112 198 2171 pe
218 2096 268 2170 qui
291 2095 420 2171 obligare
442 2095 470 2152 se
492 2094 527 2152 ad
548 2093 720 2151 illinritaturn
744 2091 887 2160 ejusmodi
908 2093 1077 2166 obsequium
1104 2111 1158 2154 nec

162 2171 268 2240 voluit,
289 2189 342 2229 nec
357 2172 470 2246 potuit,
489 2187 526 2227 eo
543 2167 603 2243 ipso
619 2167 734 2240 prillino
755 2166 802 2224 sua
818 2170 881 2239 jura
901 2170 1041 2228 naturalia
1065 2170 1158 2228 nurni-

159 2265 199 2307 no
215 2263 370 2319 recuperor.
410 2246 505 2312 Vide,
528 2261 589 2318 quae
608 2259 644 2300 ex
669 2242 726 2301 Dn.
748 2259 811 2300 varr
839 2259 900 2304 nnn
927 2247 1065 2305 Manent
1085 2245 1158 2303 rese-

159 2338 260 2384 runtur
276 2323 304 2380 ln
321 2321 482 2381 Bibliotheca
496 2318 640 2396 universali
660 2315 729 2374 Tom.
745 2319 826 2376 XIII.
837 2332 865 2393 p.
884 2337 947 2392 143.
960 2321 1030 2396 seqq.
1064 2324 1159 2379 Incas-

159 2401 219 2460 surn
236 2398 374 2467 objecerit
390 2398 454 2471 quis
477 2395 662 2455 commodum
684 2393 850 2463 societatis,
869 2414 932 2469 quae
953 2399 1095 2465 ejusmodi
1114 2416 1156 2456 re·

159 2477 283 2538 srllenria
301 2476 351 2541 iis,
372 2475 426 2549 qui
440 2471 532 2530 eidem
550 2470 686 2544 presunt,
708 2485 756 2530 aut
770 2473 799 2531 in
812 2470 1054 2530 administratione
1069 2473 1159 2546 inape·

158 2555 195 2616 rii
211 2568 312 2610 munus
327 2548 443 2626 aliquod
458 2562 576 2622 gerunt,
594 2547 664 2605 farta
680 2549 848 2606 turbaretur.
871 2550 1061 2623 Praeterquam
1079 2550 1157 2610 enirn

157 2629 237 2707 quod
260 2627 411 2700 trepidanti
434 2642 464 2684 ιιι
485 2637 566 2683 tanto
584 2623 715 2701 periculo
736 2625 785 2685 vix
805 2625 870 2683 talia
886 2624 954 2682 licet
976 2624 1155 2694 ponderare:

156 2706 255 2784 potius
271 2721 330 2762 non
346 2702 509 2763 substitutus
525 2701 578 2758 hac
593 2699 732 2760 violentia
746 2701 879 2769 invasor,
896 2701 942 2759 sed
958 2701 1077 2776 reliquis
1094 2701 1157 2760 sub·

160 2784 227 2842 ditis
240 2797 358 2854 parem,
379 2779 496 2854 quoties
516 2777 607 2838 libido
623 2776 789 2848 incesserit,
810 2779 937 2838 illaturus
951 2779 1081 2849 injuriam
1099 2795 1158 2837 mc·

155 2862 215 2920 rito
236 2855 419 2931 praesumitur.
922 2890 929 2903 ·

192 2933 285 3010 Neque
300 2937 328 2993 in
341 2931 448 3010 mesto]
469 2933 510 2990 Ut
530 2931 549 2990 ss
564 2934 658 2992 bonus
680 2931 813 3006 princeps
832 2941 881 2989 aut
896 2947 999 3007 parens
1020 2931 1154 2992 involun-

155 3015 230 3073 tario
246 3014 357 3084 aliquo,
379 3027 464 3085 quern
480 3009 622 3069 moderari
637 3023 686 3069 aut
705 3021 875 3080 prevertere
889 3025 948 3066 non
964 3009 1075 3082 potuit,
1090 3025 1154 3067 mo·

155 3104 187 3147 tu
202 3088 338 3162 agitatus,
359 3086 471 3144 subdito
486 3088 625 3159 cuipiam,
647 3101 696 3146 aut
711 3084 795 3150 fillo,
817 3098 939 3144 mortem
957 3088 1154 3148 intentaverit.

153 3165 252 3229 Vide,
280 3180 342 3236 que
364 3162 422 3222 dixi
443 3161 479 3222 ad
495 3164 523 3238 J.
541 3163 584 3224 N.
606 3162 685 3225 ἀΰ.
704 3160 802 3220 libis.
825 3175 883 3237 cop.
908 3179 935 3236 ς.
959 3163 988 3239 s.
1004 3177 1030 3234 5.
1054 3176 1108 3222 not.
1125 3181 1152 3227 1.

153 3241 215 3302 ode
229 3239 308 3304 Edit.

429 3446 432 3451 .
543 3357 587 3466 r(
606 3391 633 3448 x
653 3393 681 3450 x
701 3393 714 3447 r
734 3393 758 3453 r.

192 3547 241 3606 seu
260 3543 297 3617 &⁹
311 3545 376 3620 qood
396 3558 440 3619 pro
460 3546 546 3611 vito,
567 3542 596 3600 r'd
610 3536 648 3611 ὅ
665 3540 739 3618 prol
759 3542 857 3611 Negat
875 3537 990 3614 quidem
1013 3541 1070 3601 hoc
1088 3539 1148 3609 Da.

151 3627 293 3686 Bunnnus
310 3627 337 3680 in
348 3623 490 3681 Elerrerrtis
500 3617 797 3698 Philosopdiael’roiir'coe
807 3616 880 3676 Part.
897 3615 935 3674 Is.
944 3631 997 3692 cop.
1009 3639 1035 3692 4.
1044 3619 1109 3692 fell.
1121 3635 1149 3692 3.

152 3704 178 3778 5.
199 3719 242 3772 14.
265 3701 318 3758 bac
331 3700 448 3758 addniin
462 3699 596 3767 ratione,
620 3698 699 3771 quod
712 3697 844 3773 pudicitia
862 3696 1010 3768 rreurr‘qoarn
1024 3703 1088 3755 vito
1103 3699 1148 3754 oo·

150 3774 277 3855 mirrisfit
291 3776 480 3853 equiporundo.
501 3777 608 3836 Verum
623 3792 720 3833 nonne
740 3775 785 3833 vel
804 3787 932 3831 extrema
952 3775 986 3830 ab
1004 3773 1147 3843 ejusmodi

150 3853 304 3914 libidinoso
326 3855 456 3912 invasore
482 3855 632 3912 imminent
646 3849 799 3910 immine?
820 3851 912 3907 Porro
932 3849 1069 3922 pudicitia
1089 3866 1150 3911 nora

151 3934 241 3993 solum
268 3931 419 4005 irrepabile
440 3933 548 3988 bonum
569 3927 632 3993 est,
653 3930 776 3986 maxime
798 3925 818 3982 fi
842 3926 891 3998 qui
922 3925 980 3983 vim
1005 3929 1147 3997 intentat,

148 4011 206 4082 jaan
220 4010 332 4081 ionibus
349 4010 432 4065 uxori
447 4007 497 4070 srt3
521 4004 567 4062 sed
584 4005 669 4062 etiam
684 4005 759 4062 iuter
774 4000 910 4060 cultiores
924 4014 1025 4075 gentes
1042 4001 1148 4061 eodem

149 4085 229 4154 sere,
250 4102 309 4161 quo
326 4087 402 4151 vita,
424 4081 508 4152 censp
524 4083 623 4138 venire
636 4080 717 4137 solet.
758 4079 795 4137 Et
809 4075 934 4150 denique
953 4095 987 4135 an
1003 4094 1061 4137 non
1076 4079 1149 4150 ejus·

150 4162 231 4221 modi
249 4160 357 4220 boslilis'
379 4161 455 4221 allus
475 4160 592 4236 plenum
611 4159 656 4229 jus
683 4156 837 4232 praebeat,
857 4169 1033 4228 quecunque
1054 4157 1149 4215 media

149 4237 282 4294 aduersus
298 4255 362 4295 eum
380 4235 529 4312 usurpandi
546 4276 556 4305 ‚
576 4236 643 4310 qui,
660 4248 691 4292 ut
707 4231 855 4292 libidinem
870 4231 943 4287 suam
955 4231 1082 4303 depicat,
1098 4248 1149 4305 pu-

148 4311 286 4415 ¹(titillatu¹
309 4313 387 4423 Qui
418 4331 452 4376 ac
472 4315 634 4382 libertatern
660 4307 787 4376 honesta
815 4305 939 4375 somine
963 4305 1153 4445 ιᾱςιιᾰίιιὺἷ
