3034 5509
393 612 469 693 954
555 591 564 599 '
606 592 752 666 Nora
783 585 845 682 Jo.
877 587 1195 692 Brnsrrttrert

395 772 455 842 ejus
470 767 601 826 summam
620 764 787 825 nullitatem.
828 763 918 834 Vide,
939 782 1001 841 qua
1014 764 1127 826 dllierui
1152 764 1188 827 ad
1201 767 1226 843 J.
1243 768 1289 828 N.
1311 769 1341 832 ἀ
1363 773 1401 838 G.

392 844 632 933 tiriliano.
651 843 680 916 i.
702 857 746 901 ro.
765 851 820 900 nor.
841 857 867 914 ς.
890 839 963 915 iti.
988 857 1033 901 rr.
1053 853 1108 903 nrt.
1130 849 1159 906 6.

780 994 806 1070 t.
846 993 995 1052 xvrr.

423 1151 499 1238 Quos
513 1149 560 1228 ipfi
572 1145 609 1223 est
621 1143 795 1224 inpoffilileJ.
815 1145 907 1204 Datur
920 1143 1106 1222 inpoffilnilitos
1123 1149 1258 1231 olsolmo,
1278 1153 1395 1231 semper

391 1239 473 1298 tulis,
494 1247 528 1287 ac
547 1228 670 1301 respecto
687 1224 815 1283 omnium
839 1224 1004 1290 hominum
1027 1228 1065 1286 lta
1085 1239 1116 1284 ut
1137 1247 1223 1288 nemo
1241 1230 1396 1293 censeatur

393 1307 467 1368 serio
482 1303 583 1380 pacisci
602 1315 651 1360 aut
664 1301 832 1376 promittere
847 1301 904 1359 noc
924 1300 1015 1358 modo
1036 1303 1232 1378 impolliloilia:
1253 1319 1286 1366 ut
1307 1311 1394 1368 elibe-

390 1401 419 1441 re
434 1397 557 1444 mannum
584 1395 610 1436 e.
636 1396 662 1452 g.
683 1379 787 1445 volort,
807 1379 895 1452 coloro
917 1375 999 1454 eligito
1011 1390 1128 1457 tongere.
1168 1381 1394 1447 Observandum

390 1473 501 1526 tamen,
522 1454 600 1531 posse
616 1453 771 1513 nonnullos
793 1453 879 1511 facile
899 1466 976 1511 certa
996 1457 1133 1530 quopiam
1156 1460 1286 1517 arbitrari
1307 1462 1395 1536 pom.

387 1537 473 1605 bilia,
496 1550 558 1609 quae
587 1531 694 1588 habore
714 1529 835 1588 omnino
856 1545 909 1605 pro
935 1529 1150 1606 impollibilibus
1167 1536 1344 1608 conveniam
1365 1550 1394 1599 at

388 1628 510 1686 quorum
529 1605 733 1684 impollibilitas
757 1623 816 1664 non
845 1604 896 1676 nili
916 1607 1074 1666 rationibus
1091 1654 1098 1678 ,
1120 1611 1274 1683 cuiuslibet
1292 1619 1393 1690 captui

387 1689 463 1748 haud
481 1689 520 1746 lta
539 1684 716 1760 patentibus,
738 1681 891 1757 detegitur.
928 1684 1021 1756 Hujus
1037 1684 1141 1744 indolis
1159 1687 1199 1746 est
1219 1706 1245 1748 e.
1265 1707 1294 1763 g.
1318 1692 1389 1765 lapis

389 1764 438 1821 ille
461 1759 718 1835 Philosophorum,
738 1759 784 1815 cui
806 1771 887 1820 tanto
909 1760 1013 1816 abhinc
1035 1774 1165 1833 tempore
1188 1775 1233 1823 tot
1255 1766 1391 1826 honines

386 1839 487 1898 frustra
502 1838 621 1894 initiant.
661 1837 691 1894 si
710 1835 767 1904 jam
781 1838 844 1910 quis
864 1831 924 1903 ejus
942 1835 1069 1894 enitendi
1088 1837 1205 1913 flagrans
1219 1844 1387 1917 prurigine,

387 1917 536 1988 inanisque
553 1913 653 1987 plenus
669 1911 746 1983 spel,
765 1911 958 1969 alicul'retum
978 1912 1156 1987 Phyficarum
1181 1933 1214 1974 ac
1240 1917 1392 1978 Chemica·

387 2008 450 2048 rum
477 1991 611 2063 imperito
642 1984 826 2059 promiserit,
858 1986 886 2043 se
913 1991 1173 2050 transmutationem
1203 1994 1390 2054 metallorum

390 2066 478 2140 ipsum
505 2061 728 2126 condostuwml
754 2075 840 2137 atque
869 2059 928 2120 hoc
954 2065 1036 2139 patto
1056 2067 1253 2128 consumendis
1278 2083 1391 2131 temere

369 2143 492 2278 ltili
518 2136 1395 2304 ‘stillsliliisiniustitiislisinii

390 2257 509 2369 cunque¹
528 2294 604 2350 enim
625 2289 661 2348 de
682 2289 865 2363 possibilitate
888 2260 1099 2368 magni'operis
1114 2295 1163 2372 ipfi
1178 2298 1286 2357 harere
1305 2312 1394 2374 queat

391 2368 548 2447 persuasio:
570 2367 629 2437 ejus
654 2366 865 2438 vanitatem‚si
890 2368 987 2428 debita
1012 2384 1139 2430 uteretur
1162 2373 1392 2450 circumspeslin·

390 2463 447 2515 ne,
467 2444 541 2503 sacili
561 2443 681 2518 negotio
704 2442 895 2520 intelligeret:
914 2460 1010 2519 neque
1032 2449 1164 2508 immunis
1187 2467 1202 2507 a
1223 2451 1309 2525 culpa
1332 2451 1392 2522 est,

391 2522 471 2596 quod
494 2521 624 2587 alterius,
646 2521 693 2578 cul
715 2519 751 2575 ad
778 2522 933 2581 cavendam
960 2523 1117 2583 illusionem
1147 2541 1206 2584 non
1236 2526 1300 2584 satis
1329 2542 1391 2586 erat

389 2598 581 2672 perspicacia,
602 2597 702 2653 abusus
718 2595 756 2653 ita
772 2596 948 2671 simplicitate
962 2597 1003 2658 fit.
1031 2601 1165 2661 Ceterum
1180 2602 1391 2678 inpoffiollitae

389 2677 417 2733 itt
427 2675 511 2748 pailis
521 2673 547 2730 ἃ
557 2670 716 2747 promlliis,
730 2673 895 2745 regulariter
905 2672 966 2731 talis
983 2686 1089 2733 tantum
1106 2675 1279 2752 ellrespeslu
1294 2694 1390 2740 certo·

390 2749 608 2810 rumhominum
622 2794 628 2817 ,
642 2761 691 2808 aut
705 2749 986 2809 interuentucasuum
998 2753 1176 2826 quorundam
1189 2757 1388 2827 peculiarium.

388 2829 421 2886 ln
432 2822 558 2903 prorniffis
573 2844 640 2884 nere
654 2827 787 2900 gratuitis
810 2823 926 2896 sufficit,
947 2827 1141 2898 promissorem
1158 2831 1236 2888 bona
1257 2831 1317 2892 fide
1339 2836 1388 2892 lra-

390 2903 478 2962 bulffe
493 2920 554 2960 rem
574 2902 744 2974 polibium,
755 2904 821 2958 ln‘ec
834 2901 911 2958 ultro
926 2902 974 2958 fibi
993 2907 1067 2962 vires
1079 2921 1142 2965 ¹eanr
1156 2905 1307 2981 praestandi
1323 2911 1390 2970 ade.

280 2992 282 2996 ⁴
389 2976 477 3036 misse.
516 2978 605 3057 Quod
630 2982 665 3033 ad
686 2978 867 3035 conventiones
892 2976 1007 3056 onerosos
1027 2981 1162 3040 adtinet:
1182 2982 1202 3041 si
1224 2984 1287 3059 ipso
1315 2987 1390 3062 pasti

389 3054 453 3112 initi
468 3065 598 3124 tempore
622 3068 667 3110 res
696 3066 800 3127 praeter
821 3052 1077 3126 exspectationem,
1098 3071 1145 3117 aut
1167 3061 1278 3118 causam
1299 3064 1388 3123 ullam

388 3128 459 3188 illud
474 3129 669 3199 conjiciendi,
685 3129 742 3199 iam
765 3141 825 3189 erat
846 3129 1043 3200 impollutus:
1064 3148 1151 3206 puta.
1171 3133 1190 3191 li
1212 3139 1389 3215 contigerit,

387 3205 510 3265 locatam
534 3204 629 3265 villam
652 3205 785 3263 incendio
807 3205 934 3281 petillio:
954 3207 990 3266 ad
1011 3211 1083 3268 nlltil
1106 3210 1169 3286 quis
1185 3224 1321 3275 tenetur:
1341 3226 1392 3292 pa<

391 3279 769 3356 stumque'eunditnullum.
849 3291 851 3295 ·
1385 3351 1388 3361 Ι

427 3359 482 3418 Ubi
498 3358 558 3434 puisi
572 3354 717 3434 proliitorn
737 3360 771 3427 olr
789 3361 871 3419 altero
886 3359 946 3434 jorn
959 3360 1056 3438 suitl.
1082 3364 1128 3426 .Ε.
1148 3382 1175 3440 g.
1197 3366 1320 3426 Promisi
1340 3370 1390 3427 ali·

388 3440 434 3496 cul
451 3453 556 3510 equum
570 3454 664 3496 meum
680 3436 748 3494 loco
770 3438 811 3495 rei
826 3437 896 3496 alius
918 3439 987 3496 milti
1008 3440 1155 3500 exhibita:
1174 3444 1250 3515 petit
1270 3461 1384 3518 equus:

387 3514 507 3571 alterum
536 3512 663 3585 eiusdem
693 3512 863 3586 qualitatis,
891 3529 939 3574 aut
961 3516 1057 3576 saltem
1079 3518 1140 3589 ejus
1165 3519 1389 3582 estimationem

365 3589 642 3665 'prostareteneon
1047 3640 1066 3648 ,,
1173 3616 1175 3621 ·
1207 3622 1209 3626 .

428 3665 485 3724 Siti
502 3664 636 3743 ipfi'oirrt
656 3662 796 3740 prestandi
813 3668 940 3726 detraxit
948 3668 969 3744 ].
1008 3669 1088 3729 Trlls
1107 3667 1148 3726 est
1161 3668 1238 3729 casus
1254 3670 1389 3733 Debito-

388 3760 466 3813 rum,
494 3744 544 3814 qul
566 3741 677 3801 luxuria
703 3744 889 3827 sum-aliisve
910 3746 1040 3808 inanibus
1064 3743 1212 3822 expense,
1239 3745 1388 3811 soluendo

388 3820 442 3881 else
462 3817 613 3880 desierunt.

756 3942 795 4053 'n
833 3942 1015 4060 x'vrrr.
1081 4060 1083 4065 Ι
1167 3936 1170 3941 ’

426 4127 731 4206 Siigitorpoutnncirco
744 4148 798 4189 renr
814 4134 936 4210 turpem}
946 4134 991 4195 lid
999 4133 1135 4194 tradenda
1150 4135 1224 4194 eirca
1238 4136 1391 4212 egregiam

384 4201 482 4273 harre,
505 4207 637 4264 ballenon
656 4208 779 4285 ltautlta
800 4210 853 4266 rite
873 4214 1014 4272 tratlatam
1037 4212 1202 4280 materiam,
1225 4214 1390 4289 principius

385 4279 430 4401 ltae
451 4297 517 4342 meo
536 4282 647 4358 julleio
668 4284 805 4346 iacienda
821 4285 1032 4364 disilniliontr,
1053 4287 1252 4366 ponendaque
1280 4291 1393 4426 “ng1¹3
